2596 4866
408 564 411 571 Ι
496 591 537 655 tle
557 590 772 659 Gmmmlou
794 588 1024 671 Qulutffianca.
1230 597 1263 650 X'

444 836 492 913 ll.
546 837 623 915 DE
647 834 893 913 eoNJtJeA
902 830 1075 911 l'IONE.

190 1044 195 1051 -
285 1032 316 1079 ι.
363 1009 413 1083 ln
427 1007 842 1087 PerfeetiActivi
862 1008 982 1084 tertia
998 1030 1176 1109 persona
1188 993 1262 1106 phi

185 1127 471 1229 Quintilianus,
497 1150 546 1203 ut
566 1131 650 1204 fere
665 1127 945 1233 elegantissimi
958 1128 1189 1228 scriptores,
1213 1127 1263 1201 fin

185 1263 288 1325 met
314 1248 496 1325 breviori
526 1254 597 1323 sed
624 1247 830 1324 deterioris
859 1251 1019 1324 numeri
1048 1276 1113 1323 ere
1139 1249 1263 1349 praefi

185 1370 373 1473 reperitur
394 1367 464 1443 hic
481 1368 597 1444 enim
620 1396 721 1471 prae
750 1368 1157 1446 innumerisalterius
1181 1397 1259 1473 gen

185 1490 363 1593 exemplis
385 1516 577 1591 perram,
611 1514 675 1566 ut:
693 1496 818 1591 fetere
847 1518 884 1584 1,
913 1516 977 1585 ιο,
1004 1487 1060 1565 15.
1097 1514 1161 1583 12,
1191 1512 1254 1582 ιο,

185 1616 354 1689 itcetrere
383 1633 442 1704 12,
466 1634 525 1703 10,
552 1635 608 1685 12.
626 1638 863 1713 proposuere
882 1639 913 1707 1,
929 1615 964 1705 8,
988 1636 1043 1687 ι2.
1071 1612 1254 1711 scripsere

195 1791 206 1830 ,
232 1735 293 1831 73.
319 1757 540 1809 successere
561 1732 604 1825 ὅ,
627 1759 664 1827 ι,
685 1733 737 1805 ιδ,
749 1789 761 1827 ,
789 1733 936 1834 quibus
952 1733 1117 1833 adjicias
1138 1759 1263 1833 sperat

185 1888 208 1953 ¹,
222 1883 265 1949 2,
283 1856 369 1947 δα,
394 1853 472 1927 nisi
490 1856 599 1927 forte
619 1853 786 1929 Gesneri
804 1855 1083 1957 conjecturam
1101 1880 1263 1957 speraret

185 1977 316 2071 navis3
335 1975 555 2078 permisere
574 1998 712 2051 autem
737 1999 801 2067 10,
822 2001 861 2070 1,
879 1975 939 2050 66.
964 2004 1015 2051 ex
1036 1976 1194 2078 optimis
1215 1976 1263 2051 C<

185 2103 280 2175 :ibus
299 2098 347 2171 in
366 2098 636 2198 permiserunt
661 2102 906 2171 mutandum
935 2120 1005 2173 est.
1070 2102 1193 2173 Hanc
1222 2094 1263 2169 in

185 2220 373 2295 nollitam
390 2222 561 2293 formam
583 2218 705 2292 etiam
725 2218 770 2292 in
792 2225 971 2294 secunda
993 2245 1170 2319 persona
1187 2220 1262 2291 Pas

185 2362 230 2413 ut
249 2339 477 2411 obsoletam
498 2338 569 2438 Qu.
595 2338 766 2439 respuit,
792 2366 889 2413 nam
909 2340 1076 2413 unicum
1098 2338 1199 2413 illud
1223 2352 1263 2411 tel

185 2484 226 2551 e,
253 2485 292 2553 1,
319 2478 393 2552 ι2.,
419 2458 492 2532 etsi
512 2458 772 2534 Ambrosiani
793 2462 822 2535 I.
852 2465 924 2534 sed
947 2459 1070 2533 solius
1092 2458 1263 2533 auctorit

185 2580 323 2673 nisum,
348 2579 452 2654 nihil
473 2580 640 2656 valebit.
691 2584 828 2683 Ipsum
851 2587 903 2655 de
930 2585 1010 2655 hae
1038 2581 1168 2655 forma
1200 2577 1263 2677 dis]

185 2726 329 2779 antem
344 2700 440 2777 vide
460 2725 494 2793 1,
510 2698 547 2793 5,
565 2719 626 2793 42.
668 2703 856 2777 Ceterum
871 2724 919 2777 ut
934 2702 1062 2779 evitat
1078 2702 1122 2775 in
1138 2704 1263 2775 Praet¹

185 2827 216 2900 is
232 2831 345 2897 hanc
364 2828 622 2897 decurtatam
645 2824 836 2917 formam,
864 2823 921 2900 ita
942 2846 1052 2898 amat
1070 2844 1263 2899 contracti

185 2944 397 3044 ›raecipue
419 2940 462 3013 in
480 2940 611 3042 prima
629 2942 930 3047 Conjugatione
951 2966 999 3019 ut
1021 2947 1263 3045 deprerarmt

185 3068 210 3157 i,
232 3088 320 3141 ιοο.
343 3060 600 3139 amoremne
615 3086 678 3157 12,
699 3089 756 3157 11,
771 3088 831 3137 22.
853 3081 1049 3164 negarent
1064 3095 1105 3163 7,
1120 3092 1156 3161 e,
1177 3093 1233 3161 17.
1255 3092 1263 3135 ι

185 3190 360 3263 licerent
374 3210 411 3277 2,
423 3210 458 3275 7,
476 3206 528 3276 2.,
549 3210 674 3284 porro
682 3186 951 3283 fastidierunt
964 3183 999 3281 5,
1020 3216 1077 3283 11,
1092 3188 1169 3284 59„
1192 3212 1263 3287 que

185 3309 227 3387 tis
249 3311 296 3382 in
322 3306 383 3379 his
406 3306 663 3409 frequentior
684 3305 804 3381 etiam
829 3309 878 3382 sit
899 3308 1061 3409 plenior
1084 3313 1231 3383 forma:
1256 3336 1263 3379 ι

185 3428 405 3503 litaverunt
428 3453 465 3521 1,
484 3421 528 3519 5,
550 3424 603 3499 ιδ.
615 3440 860 3527 pete-rerunt
872 3434 936 3505 Pr.
955 3454 1012 3506 ιο.
1036 3453 1078 3527 9,
1100 3459 1138 3525 ι,
1159 3426 1214 3505 15.
1237 3453 1260 3525 9

185 3568 243 3643 95.
266 3576 319 3642 ιι,
336 3548 375 3641 3,
394 3572 453 3642 71.
482 3571 539 3641 12,
558 3540 593 3640 5,
615 3575 644 3624 1.
669 3570 710 3623 et
730 3550 809 3623 alia
822 3555 1036 3651 permulta.
1087 3552 1144 3627 At
1167 3553 1210 3626 in
1225 3553 1263 3624 C*

185 3664 359 3757 iunctivo
398 3667 510 3742 illam
548 3691 803 3745 contractam
840 3673 1010 3747 formam
1045 3674 1219 3749 maxime
1251 3698 1263 3745 ι

185 3790 322 3889 plexus
345 3809 430 3881 est,
458 3816 587 3891 quum
605 3792 757 3866 diceret
780 3794 945 3868 mutarit
965 3791 1006 3886 5,
1024 3800 1067 3886 4,
1084 3818 1120 3870 2.
1151 3796 1263 3871 reluta

185 3934 214 3999 ι,
234 3912 277 4001 6,
295 3932 357 3983 21.
377 3912 596 4009 segregarit
614 3941 651 4006 1,
669 3938 711 4005 2,
735 3935 793 3989 20.
820 3916 1103 4015 temptamenta,
1122 3925 1178 4011 14,
1200 3945 1230 3992 1.
1255 3942 1263 3991 ι

185 4032 294 4103 :terte
320 4054 384 4123 12,
406 4055 448 4125 2,
463 4032 499 4105 3.
514 4058 590 4110 etc.
615 4062 652 4110 r.
671 4038 794 4127 Lex„
823 4036 889 4110 cui
912 4062 1082 4111 numero
1106 4064 1157 4111 ex
1180 4035 1263 4139 opti

185 4148 301 4227 [lodd.
319 4144 362 4243 5,
381 4178 420 4245 7,
443 4181 499 4231 ιι.
514 4156 806 4256 persererttrtitt
822 4154 1098 4257 adjiciendum
1114 4181 1191 4247 est3
1218 4185 1263 4259 pr

185 4290 285 4346 terea
301 4272 455 4349 scierim
474 4300 545 4370 12,
559 4304 615 4370 11,
634 4279 669 4350 8.
693 4278 828 4353 scierit
838 4284 874 4370 4,
892 4272 926 4369 5,
951 4303 981 4352 ι.
1008 4274 1044 4372 5,
1064 4277 1121 4376 ιδ,
1139 4274 1199 4361 52.
1226 4306 1260 4373 7,

185 4384 210 4463 li.
230 4395 272 4487 8,
290 4396 335 4486 6,
358 4397 412 4470 ι6.
437 4420 538 4494 9,2,
558 4408 594 4483 tr.
627 4422 691 4493 ιο,
713 4426 751 4493 ι,
769 4423 805 4473 2.
830 4398 1029 4475 scierimus
1047 4394 1090 4494 5,
1110 4423 1251 4495 10,22.
