2596 4866
449 328 455 349 -.
541 272 630 339 Sauo
652 310 694 324 -
716 274 842 360 Sapor,
1190 278 1253 341 799

194 478 197 493 ·
233 464 296 501 cum
317 454 394 514 pater
414 446 472 512 ejus
489 454 724 518 aegrotaret,
750 456 963 499 sanaturum
984 463 1014 500 se
1034 447 1104 499 dixit
1120 452 1148 514 7,
1164 452 1192 515 2,
1210 454 1253 504 17.

195 534 255 572 ere
276 533 355 585 piram
374 532 502 567 sanare
519 517 633 569 vulnera
652 516 757 569 facilius
776 520 801 581 5,
821 519 864 582 13,
882 520 907 568 3.
927 532 1007 585 saepe
1023 515 1089 585 ipsis
1107 534 1139 571 ea
1157 518 1254 587 (aido),

198 585 311 641 sanandi
328 593 403 650 sunt,
425 585 609 637 occulentibus
628 588 670 649 12,
686 587 713 653 8,
734 588 775 637 10.

198 696 215 736 1.
249 688 281 755 l)
307 690 339 739 de
357 704 477 753 corpore:
503 703 611 739 sanus
630 687 847 739 acrobustus
864 691 897 753 2,
919 690 967 754 10,
985 688 1010 739 6.
1035 702 1148 755 corpora
1169 704 1255 743 sana

201 757 319 831 ntegri
338 754 534 824 sanguinis
551 757 584 821 8,
604 758 648 809 Pr.
668 758 710 811 19.
746 754 787 821 11)
806 762 911 807 transt.-
932 756 955 807 si
974 757 1054 809 modo
1072 764 1113 809 est
1129 774 1211 810 sanus
1227 762 1254 823 3,

202 832 238 893 9;
269 826 293 880 si
310 842 369 879 vox
386 826 501 892 primum
521 825 620 891 luerit,
637 832 667 876 ut
687 824 727 877 sic
744 825 847 891 dicam,
866 841 929 876 sana
952 830 999 890 11,
1021 830 1052 889 3,
1070 830 1112 879 32.
1133 844 1255 893 pressa

203 914 266 949 rum
285 904 312 949 et
329 894 452 947 tenuia
470 924 504 933 -
522 911 605 946 sana
622 903 649 947 et
666 910 758 949 vere
776 893 899 946 Attica
923 903 1016 963 putant
1034 898 1076 963 10,
1097 902 1120 961 1,
1137 894 1189 963 44;
1209 894 1254 964 [in

204 982 235 1019 co
252 982 347 1019 senum
364 966 396 1031 8,
414 968 441 1029 2,
461 966 493 1017 13
512 965 547 1015 N.
573 983 599 1016 v.
619 961 810 1030 Maliacus]

206 1072 248 1115 da·
276 1066 373 1135 quaed.
392 1064 551 1132 participia,
568 1067 653 1118 rerba
670 1084 705 1118 an
724 1063 917 1134 appellationes
935 1064 1003 1130 sint,
1026 1064 1140 1118 dubitari
1155 1075 1254 1135 potest,

215 1136 286 1191 aliud
304 1135 358 1187 alio
375 1135 439 1186 loco
458 1138 565 1199 valent,
583 1144 612 1186 ut
630 1136 775 1202 sapiens
794 1132 855 1200 1,4
882 1139 925 1188 27.
961 1134 1123 1199 matjan:
1150 1135 1195 1202 qui
1213 1147 1255 1189 est

212 1246 222 1273 ,
244 1207 384 1259 stultus
403 1220 457 1256 non
475 1204 565 1267 estb,
583 1208 634 1267 10,
652 1204 696 1259 74.
726 1222 787 1257 cum
803 1213 831 1257 te
917 1211 1036 1256 astuto
1056 1204 1254 1271 sapientem

210 1278 248 1328 les
264 1276 297 1340 9,
316 1277 346 1339 3,
364 1272 408 1327 65.
443 1275 610 1354 Pythagoras
627 1286 685 1326 non
701 1272 899 1342 sapientem
921 1290 967 1339 se,
996 1275 1043 1325 ced
1062 1274 1256 1327 studiosum

216 1344 336 1398 entiae
353 1342 447 1396 vocari
464 1344 552 1396 voluit
573 1347 621 1407 12,
643 1346 676 1409 1,
695 1346 737 1397 19.
763 1341 894 1395 amicos
920 1350 947 1395 et
972 1343 1088 1395 bonos
1113 1343 1208 1397 viros
1228 1354 1255 1397 et

213 1412 438 1467 lautissimos
462 1412 576 1463 dicimus
596 1414 698 1481 vulgo,
721 1411 922 1480 ‹prorum'nihil
937 1410 992 1465 nisi
1014 1414 1185 1493 perfecte
1204 1431 1254 1466 sa-

222 1483 248 1537 ti
272 1484 350 1535 datur
369 1485 419 1547 12,
437 1485 471 1546 2,
494 1482 535 1534 19.
561 1478 703 1533 consilium
726 1480 845 1547 judicum
866 1480 1084 1549 sapiantrum
1108 1483 1163 1545 (aia
1190 1495 1253 1549 opu.

217 1592 226 1620 ,
246 1554 312 1604 ffld.
329 1547 490 1619 sapientum)
509 1553 552 1615 12,
568 1553 609 1615 10,
624 1553 668 1604 52.
685 1568 707 1602 s.
720 1550 839 1603 nutrices
858 1553 884 1615 1,
903 1554 928 1615 1,
946 1552 971 1603 3.
991 1566 1014 1603 s.
1031 1550 1086 1611 riri
1104 1552 1189 1617 5,11‚
1208 1554 1252 1607 36.

219 1620 325 1675 ivilis
345 1634 495 1686 vereque
514 1636 581 1686 sap.
603 1624 652 1685 11,
671 1625 704 1686 1,
723 1619 764 1673 35.
792 1618 826 1682 cs.
845 1618 892 1673 Pr.
912 1620 955 1672 18.
978 1619 1023 1673 vir
1043 1620 1255 1688 sapientissimus

205 1687 475 1753 .Socratea)11,1,
496 1692 537 1740 10.
577 1689 623 1750 11)
642 1690 724 1740 Sabat.
751 1686 785 1755 a)
803 1688 916 1755 Sapiens
932 1704 1033 1740 nomen
1048 1706 1086 1741 ex
1106 1706 1187 1743 causa
1206 1694 1255 1743 da-

208 1762 240 1827 5,
258 1762 302 1826 10,
320 1761 362 1815 30.
390 1756 424 1821 cf.
446 1758 489 1822 12,
509 1762 535 1823 7,
555 1754 581 1808 4.
597 1758 639 1809 Μ.
659 1756 725 1811 Cato
744 1775 863 1810 summus
880 1758 1039 1825 imperator,
1058 1756 1131 1813 idem
1147 1759 1255 1827 sapiens

185 1850 198 1883 ι.
216 1831 278 1895 om.)
299 1838 346 1881 etc.
365 1830 409 1892 12,
432 1830 475 1891 11,
492 1829 526 1879 23
545 1833 577 1879 Ζ.
613 1826 705 1896 Atque
722 1843 774 1899 ego
792 1828 884 1893 illurn,
910 1844 990 1895 (prem
1009 1826 1135 1892 instituo,
1154 1832 1255 1883 Roma-

185 1916 195 1951 ι
212 1900 310 1969 quand.
328 1896 413 1951 velim
430 1912 490 1947 esse
508 1895 655 1962 sapientem
674 1902 717 1963 12,
738 1901 766 1962 2,
784 1900 801 1950 7
818 1899 854 1949 Ν.
880 1896 1008 1963 sapientis
1025 1913 1124 1951 nomen
1142 1898 1193 1950 sibi
1211 1916 1256 1952 aa·

185 1968 215 2023 tit
234 1972 278 2035 12,
297 1971 322 2032 1,
339 1970 383 2019 20.
406 1965 575 2018 mendacium
594 1965 685 2018 dicere
703 1965 784 2018 etiam
802 1965 917 2034 sapienti
935 1966 1079 2033 aliprando
1096 1983 1253 2021 concessum

188 2042 218 2107 1,
236 2022 279 2103 17,
295 2041 340 2089 27.
365 2035 487 2104 pteripre
504 2043 636 2100 vetenrm,
657 2035 713 2103 qui,
731 2034 782 2089 etsi
800 2037 918 2087 nondum
937 2053 1092 2103 ‹prenquam
1107 2036 1256 2103 sapientem

185 2112 265 2163 ertum
284 2104 430 2174 putabant,
455 2113 597 2172 praecepta
621 2112 711 2157 tamen
737 2104 886 2171 sapientiae
905 2104 1072 2157 tradiderunt
1094 2106 1137 2157 Pr.
1158 2108 1200 2161 19.
1225 2114 1256 2169 ut

186 2214 193 2243 ,
209 2177 282 2247 quod
297 2174 362 2227 alias
376 2174 404 2225 in
424 2174 544 2227 servis
564 2189 672 2242 quoque
689 2175 941 2242 reprehendendum
958 2182 1008 2239 est,
1028 2175 1062 2226 sit
1075 2174 1140 2226 alias
1154 2174 1254 2242 inipso

187 2245 301 2301 »iente
321 2245 536 2296 laudandum
554 2248 603 2308 12,
622 2248 655 2310 1,
675 2246 718 2297 39.
760 2236 881 2313 1010.
901 2242 1046 2295 admirator
1065 2243 1178 2296 alionrin
1195 2253 1257 2296 tan-

189 2332 211 2369 tu
228 2313 452 2383 sapientium
469 2316 501 2377 9,
518 2317 551 2379 2,
569 2311 613 2366 46.
638 2314 788 2366 secundum'
803 2312 922 2365 omnium
940 2312 1163 2379 sapientium
1181 2316 1207 2365 le
1226 2331 1257 2367 es

200 2388 235 2451 7,
251 2386 279 2441 9.
306 2380 523 2451 sapientium
542 2385 612 2449 (Sp.
630 2414 665 2423 -
684 2384 757 2447 tum)
777 2382 881 2450 aliquos
906 2384 1062 2433 nonnullam
1083 2398 1192 2450 operam
1207 2330 1256 2435 {is

192 2452 226 2507 lis
243 2452 279 2521 (i.
296 2472 319 2506 e.
344 2449 512 2513 musicae)
530 2454 778 2505 accommodaturos
797 2456 830 2518 1,
851 2455 898 2517 10,
920 2453 953 2505 15
975 2458 1008 2504 Ζ.
1035 2452 1255 2519 sapientium

194 2558 199 2579 .
218 2536 253 2561 '-
269 2518 345 2589 tum)
362 2520 503 2573 contiones
521 2526 553 2584 2,
573 2525 616 2587 17,
633 2524 668 2575 28
686 2529 717 2577 Ζ.
743 2521 766 2574 si
788 2522 930 2573 consilium
955 2522 1091 2593 contingat
1109 2538 1256 2589 semper

195 2606 301 2645 rorum
318 2600 372 2659 atq.
395 2589 614 2659 sapientium
632 2591 826 2658 (Sp—tum)
843 2594 871 2658 3,
890 2593 917 2656 8,
932 2595 949 2642 2
966 2592 1001 2643 Ζ.
1021 2599 1155 2659 septem
1176 2608 1256 2659 prae-

196 2680 210 2715 t
233 2678 270 2715 td
299 2659 453 2715 lentium
478 2660 529 2727 (sie
547 2672 659 2712 notatum
684 2681 715 2712 ex
732 2666 837 2723 Flam,
857 2664 945 2713 Amb.
965 2665 1006 2725 2,
1033 2660 1162 2725 Guelf.;
1187 2664 1254 2715 Tuta.

198 2678 294 2798 aarum}
312 2732 346 2797 5,
367 2733 418 2792 11,
441 2732 486 2783 39.
512 2745 568 2781 non
584 2732 668 2782 modo
687 2729 915 2798 sapientibus
938 2720 1123 2795 dicitur,¹sed
1141 2733 1255 2801 vulgo

199 2816 238 2883 pre
255 2816 362 2867 semper
380 2807 422 2851 est
439 2797 569 2851 creditum
592 2804 640 2866 12,
659 2805 691 2863 1,
708 2798 734 2852 4.
758 2801 826 2852 duos
849 2817 904 2868 sap.
925 2800 1067 2869 aliqnando
1087 2800 1173 2866 justae
1191 2818 1256 2852 can-

201 2886 232 2923 tu
256 2870 393 2923 diversum
416 2870 576 2935 trahunt2,
595 2874 644 2935 17,
664 2873 708 2923 32.
732 2885 789 2922 non
815 2871 953 2923 trahentur
969 2870 1012 2921 his
1030 2872 1199 2935 (prooemiis)
1218 2869 1256 2922 illi

202 2943 326 3004 mtet12,
347 2942 389 3003 10,
408 2940 451 2991 52.
470 2937 559 3005 iniis,
578 2954 647 3006 quae
665 2957 681 2992 a
698 2939 862 3007 sapientibus
882 2939 978 2991 tradita
995 2948 1067 3005 sunt,
1085 2956 1170 3006 paene
1190 2940 1256 3007 ipsis

203 3005 352 3077 Euripides)
372 3011 414 3073 10,
433 3010 458 3072 1,
477 3008 521 3060 68.
793 3026 797 3039 ·

204 3108 276 3159 ller-
305 3128 358 3181 qua
374 3113 473 3163 ducum
492 3110 606 3179 aptisque
623 3109 728 3161 ratione
748 3108 783 3161 sit
799 3122 865 3163 araus
882 3125 939 3176 sap.
958 3117 1003 3159 aut
1020 3116 1114 3161 contra
1130 3114 1157 3177 2,
1170 3110 1197 3177 5,
1214 3112 1255 3164 15.

206 3198 273 3263 1118·
302 3214 325 3268 si
346 3214 476 3283 sapientia
493 3216 592 3266 bonurn
614 3212 702 3266 vinam
720 3210 793 3273 lacit,
809 3213 897 3263 bonus
914 3210 959 3265 vir
979 3220 1020 3263 est
1038 3210 1130 3278 ntique
1150 3210 1258 3278 sapiens

207 3288 234 3351 1,
254 3286 305 3349 82;
332 3288 433 3337 (imit.-
459 3294 499 3336 est
517 3298 687 3351 consequens
705 3280 910 3347 supientiae
930 3280 1072 3334 bonitas
1091 3284 1124 3347 5,
1144 3286 1191 3342 10,
1210 3284 1255 3334 75.

210 3352 307 3407 ιοίιιιοι
325 3370 381 3422 sap.
400 3354 541 3425 magistros
563 3358 604 3417 12,
625 3357 649 3418 1,
668 3354 712 3404 30,
734 3356 776 3415 12,
793 3352 820 3415 6,
839 3352 864 3401 7.
890 3368 946 3417 sap.
966 3350 1077 3402 studiosi
1096 3353 1139 3403 Pr.
1160 3350 1201 3403 14.
1220 3350 1256 3414 cs.

210 3426 236 3489 l,
254 3426 297 3479 19·
324 3441 379 3491 sap.
398 3429 568 3490 professores
585 3424 629 3474 Pr.
650 3423 692 3475 15.
718 3420 872 3472 facultatem
890 3420 996 3473 dicendi
1017 3438 1054 3473 ex
1080 3420 1179 3472 intimis
1198 3438 1257 3488 sap.

211 3510 254 3549 tus
271 3492 356 3546 fluere
374 3500 423 3559 12,
443 3498 475 3559 2,
493 3496 520 3545 6.
546 3510 584 3544 ex
601 3491 667 3560 ipsis
688 3506 743 3557 sap.
762 3490 942 3555 penetralibus
965 3495 1013 3555 12,
1032 3492 1075 3541 Pr.
1095 3494 1119 3541 3.
1142 3508 1180 3542 ex
1198 3507 1257 3541 me-

212 3562 345 3631 epientiae
364 3563 512 3631 praeceptis
529 3562 679 3615 orationem
696 3559 779 3612 trabit
801 3564 844 3624 12,
863 3564 888 3624 1,
910 3562 951 3613 28.
971 3578 995 3613 v.
1008 3562 1256 3626 Praeceptum.

213 3640 239 3685 ta
257 3632 290 3685 ab
299 3632 360 3699 bis,
379 3633 424 3702 qui
442 3650 472 3685 se
487 3634 520 3685 ad
538 3628 790 3700 eloquentiam
807 3631 988 3691 contuleramt,
1007 3630 1094 3681 studia
1113 3628 1257 3696 sapien-

227 3706 270 3769 12,
287 3704 317 3769 2,
335 3705 362 3757 8.

245 3804 318 3857 allud
336 3802 422 3857 oratio
440 3803 517 3873 sapit,
539 3818 590 3857 nec
610 3804 669 3857 vult
686 3802 798 3855 nimium
817 3820 876 3857 esse
896 3801 1004 3855 condita
1024 3803 1066 3865 11,
1084 3802 1110 3865 3,
1130 3800 1188 3853 182.
1207 3817 1258 3852 aa·

225 3882 334 3943 oportet
352 3884 428 3927 actor
445 3883 473 3927 et
491 3872 630 3947 vigilet
648 3884 695 3927 etr.
718 3878 745 3941 7,
765 3875 809 3925 Pr.
827 3872 853 3926 4.

251 3968 415 4043 ἆττιωσμὸσ
443 3977 494 4029 illa‘
518 3978 634 4031 reddens
666 3975 737 4045 (Sp.
761 3979 793 4028 de
815 3978 915 4039 Regii
944 3972 1087 4039 conjectura
1112 3967 1257 4034 redolens)

198 4062 302 4103 inuiam
318 4045 457 4115 proprium
473 4062 598 4115 saporem
614 4048 641 4113 6,
659 4050 687 4113 3,
708 4050 758 4099 107
770 4053 803 4099 Ζ.
817 4047 854 4099 Ν.
872 4061 928 4111 sap.
946 4044 1022 4095 illum
1040 4039 1160 4121 Atticrmr
1179 4055 1259 4106 pere-

185 4132 213 4175 ιο
231 4116 399 4169 miscuerunt
419 4120 469 4182 12,
488 4120 540 4183 10,
558 4118 601 4172 19.
626 4132 676 4169 cur
692 4116 722 4168 in
739 4115 773 4168 iis
791 4117 916 4181 demum,
936 4110 982 4181 qui
1002 4118 1077 4163 tenua
1093 4111 1193 4163 venula
1210 4126 1259 4177 per

185 4186 253 4245 aulos
269 4186 373 4253 fluunt,
399 4184 518 4239 Atticum
536 4202 593 4253 sap.
610 4193 705 4253 putent
721 4188 755 4238 lb.
772 4187 816 4239 25.
