2596 4866
327 626 368 707 ile
390 625 602 688 Grammatico
624 621 852 699 Quintilianra.
1054 628 1088 682 Χῖ

10 826 119 875 mes.
164 822 212 883 1,
237 822 309 888 ιο,
339 816 382 893 14
410 798 588 871 Romana
613 797 633 869 i
641 824 667 869 a
688 797 793 871 bellis
811 794 951 894 gioria.
984 818 1027 892 9,
1052 816 1076 889 4

10 923 213 999 arisitam
235 920 287 991 ia
308 918 420 991 aliud
434 943 557 1013 ganas
573 917 753 1015 rhythmi.
773 947 812 1013 7,
828 923 889 993 Pr.
913 938 946 1009 a.
968 930 1074 993 certa

10 1074 55 1119 ra
84 1044 159 1116 rr'a
184 1040 234 1113 ia
258 1064 388 1113 omnes
409 1038 601 1112 materias.
654 1040 725 1112 His
749 1038 869 1137 adjici
892 1037 1044 1135 poterit
1070 1044 1088 1110 5

10 1167 39 1238 3.
68 1188 219 1237 namen
246 1161 307 1234 ab
326 1161 570 1256 Hermagora
588 1162 792 1250 usitatam,
822 1157 897 1229 nisi
912 1178 1086 1232 tamone

10 1292 158 1360 ridere
187 1281 332 1366 malis,
366 1282 555 1355 usitatam
577 1285 613 1357 h.
640 1286 664 1357 l.
689 1283 772 1357 vim
796 1304 908 1353 suam
934 1279 1088 1357 Verbi:

10 1403 230 1483 tentativi
259 1401 523 1501 resumpsisse.
1027 1390 1031 1401 „

69 1527 288 1627 Quando
312 1522 560 1621 Praepositio
588 1528 640 1596 ad
669 1527 788 1623 plura
821 1523 948 1595 verba
974 1518 1088 1619 perti]

10 1674 71 1725 et
98 1668 191 1720 aut
209 1643 365 1742 repeti,
391 1642 475 1716 sive
498 1648 656 1738 eadem,
685 1643 769 1717 sive
794 1632 942 1733 similis,
968 1663 1016 1714 ut
1040 1668 1079 1734 7,

10 1831 19 1847 .
60 1770 149 1844 aar·
173 1766 236 1839 ab
259 1765 383 1838 irritas
408 1764 682 1863 incipiendam,
714 1764 783 1838 abi
811 1806 860 1817 -—
897 1790 917 1835 a
945 1764 1078 1836 raeti-iis

10 1893 174 1977 tirra‘s;
220 1908 297 1957 aut
332 1887 452 1957 semel
486 1885 611 1983 poni,
654 1907 779 1986 prout
817 1884 965 1984 cuique
996 1909 1088 1982 exp<

10 2044 94 2097 ρο,
138 2016 200 2081 de
230 2030 318 2105 qua
343 2030 388 2079 re
413 2009 542 2108 legem
565 2032 797 2107 proponere
822 2006 915 2077 artis
937 2002 1087 2077 rhetori

10 2159 57 2218 .t‚
85 2156 190 2203 non
211 2125 512 2227 grammaticae,
536 2127 610 2203 erit
624 2154 722 2203 vero
738 2127 838 2199 illud
856 2125 1004 2199 infiniti
1019 2151 1088 2227 op(

10 2277 135 2353 irum
159 2272 280 2317 suam
300 2246 465 2344 quisque
490 2250 604 2320 loeus
634 2252 762 2351 legem
786 2251 987 2346 postulet,·
1018 2247 1048 2321 si
1072 2273 1088 2345 e

11 2394 149 2443 amen
169 2371 277 2437 hanc
293 2388 471 2462 quaeret,
500 2389 609 2440 certe
628 2370 904 2466 exemplorum
919 2368 1073 2440 affatim

10 2490 137 2591 periet
158 2487 203 2559 in
221 2485 392 2580 Lexieo;
418 2487 672 2586 praemittam
696 2488 818 2589 igitur
831 2486 872 2558 in
889 2486 1000 2559 hisee
1023 2488 1088 2559 Pr(

10 2610 182 2715 gomenis
206 2630 386 2691 tantum,
415 2635 524 2707 quae
544 2610 709 2683 omissae
732 2606 1044 2709 Praepositionis
1067 2634 1088 2679 n

10 2716 173 2807 maxime
195 2728 472 2802 memorabilia
486 2730 734 2806 videbantur
750 2735 954 2830 exempla,
978 2751 1027 2801 ut
1050 2753 1088 2800 ιι

10 2883 56 2947 57,
90 2878 216 2952 aeq-ae
246 2850 448 2923 errzerrdari
480 2852 534 2924 ab
561 2854 611 2926 al
615 2855 634 2925 i
638 2850 660 2925 o
692 2879 807 2952 qaam
839 2854 939 2951 ipso
965 2855 1042 2949 fas
1073 2876 1088 2921 e

10 2976 114 3067 ih.45
141 3000 221 3048 noa
242 2974 345 3045 idem
367 2974 495 3071 apud
515 3001 691 3071 graaes
718 2974 866 3065 airas,
897 2974 999 3072 qaod
1022 2973 1088 3047 lar

10 3124 99 3186 res;
124 3122 202 3169 aaa
220 3096 323 3166 idem
345 3120 437 3193 apa
449 3096 477 3167 d
490 3098 753 3186 eruditam,
780 3097 881 3195 qarod
896 3095 1086 3168 militar

10 3246 49 3293 or
79 3218 324 3292 rasti-'cam
358 3221 511 3293 deceat.
548 3216 661 3311 5,1,
690 3243 721 3305 3.
752 3243 828 3290 aaa
852 3218 1032 3291 modain
1059 3242 1088 3288 e

15 3341 185 3437 queredo
210 3364 302 3410 saas
325 3339 479 3437 qaisqaa
502 3342 603 3412 rirrs
624 3341 733 3414 deta
746 3339 942 3429 adhibere,
965 3339 1031 3411 sed
1044 3350 1088 3411 etr

22 3460 306 3533 insaniendo.
336 3482 398 3551 ιο,
424 3488 463 3553 7,
483 3461 542 3533 26.
565 3464 721 3537 Brasas
742 3462 761 3532 i
767 3488 791 3533 a
816 3462 922 3533 alia
937 3460 1028 3559 plas
1046 3484 1088 3557 pr

25 3586 182 3677 confert,
227 3582 330 3654 vorsis
352 3572 683 3678 firmitatem,
724 3582 803 3655 aris
826 3581 1088 3678 facilitate

20 3716 174 3777 aotam
189 3704 374 3803 corporis.
396 3727 453 3798 ιο,
472 3730 506 3797 a,
530 3704 583 3779 16.
596 3710 779 3804 fiaatqaa
790 3730 878 3803 pro
891 3704 1050 3798 grand
1057 3701 1088 3773 ii

10 3828 160 3915 tratti,
180 3825 367 3926 pressis
383 3827 516 3917 eriles,
533 3828 762 3925 fort-ibas
777 3825 990 3913 temerarii,
1014 3825 1088 3896 tae

10 3944 198 4047 arrepti,
225 3949 500 4047 compositis
516 3952 750 4039 exaltantes,
775 3947 1080 4048 simplior-‘bas

24 4066 200 4165 gligeatos.
239 4096 303 4152 ιι,
326 4070 368 4162 5,
393 4093 481 4169 170..
500 4072 669 4171 epilogus
691 4114 742 4126 -
762 4070 959 4145 destiterat
974 4113 1025 4124 -
1046 4068 1084 4140 si

29 4193 320 4266 tarrcitanrtos
337 4193 492 4291 judices
515 4206 573 4268 est
591 4194 914 4284 aceornmarlatas,
941 4190 1088 4291 aliquid

32 4306 86 4401 tr,
118 4338 215 4413 qrraa
243 4340 362 4415 supra
392 4314 482 4387 delei
491 4341 508 4401 ‚·
544 4315 582 4387 si
608 4315 893 4414 placandos,
933 4314 1088 4388 inclinat

20 4437 199 4523 'partiam
218 4434 438 4518 lera'tatemr
464 4437 501 4509 si
517 4436 780 4511 misericordia
800 4434 1088 4515 somniarent
