2596 4866
444 290 485 354 de
508 286 723 354 Grammatico
744 286 975 370 Quintilianeo.
1098 298 1101 305 '
1193 294 1264 350 XX}

188 464 283 541 titio
300 460 372 535 cles
381 466 498 563 apud
509 464 704 537 Nostrum
713 458 756 531 in
765 456 1057 537 Accusativum
1068 458 1151 535 elea
1161 480 1266 537 trans

205 586 353 677 soleat,
371 583 430 656 ita
444 602 494 655 ut
510 588 549 653 h.
563 584 589 654 l.
604 580 773 655 forsitan
786 601 964 679 praestet
980 584 1031 655 ab
1048 558 1266 658 auctoriiat

187 704 385 781 abrosiani
399 706 431 778 Ι.
450 707 505 775 ad
524 700 756 775 Turicensis
774 727 798 774 a
813 726 873 799 pr.
888 726 938 777 m.
955 722 996 773 et
1011 702 1265 805 Lassbcrgiar

187 826 379 929 npedoelea
402 821 620 897 discedere.
673 828 715 917 d)
741 820 1013 925 Ablativus
1036 823 1190 925 primae
1215 848 1265 924 pc

187 948 279 1023 ionis
292 974 313 1021 e
325 968 369 1019 et
383 970 424 1019 es
438 946 681 1043 plerumque
697 941 845 1017 desinit
860 939 903 1014 in
918 968 957 1035 e,
979 965 1028 1017 ut
1040 944 1265 1042 grammatic

187 1099 239 1165 10,
262 1097 274 1143 1
294 1070 357 1160 8.,
379 1066 524 1141 memte
544 1092 577 1157 1,
597 1086 654 1159 10,
669 1062 729 1139 23.
748 1086 808 1161 29.
830 1091 861 1157 1,
884 1055 940 1157 12⁸,
957 1066 992 1141 8.
1000 1120 1011 1161 ,
1033 1066 1265 1140 nammatio

186 1218 289 1267 num
315 1215 382 1281 lt,
406 1186 450 1279 ὅ,
475 1194 538 1270 lu.
560 1184 795 1284 reperitur,'
812 1184 1003 1261 rlretoriee
1023 1184 1067 1281 3,
1090 1180 1134 1280 5,
1156 1185 1180 1258 3
1203 1207 1265 1259 etc

186 1340 249 1407 ,το
265 1309 518 1411 arrttsopln-'ste
535 1334 593 1389 11,
609 1304 645 1399 3,
666 1306 793 1383 126N.
804 1333 878 1399 ea,
905 1308 1073 1385 Thersite
1093 1306 1265 1403 11‚1,37.

365 1538 396 1595 2.
441 1522 687 1593 SECUNDA
713 1522 1052 1595 DECLINATIO.

229 1682 282 1751 In
303 1681 380 1751 hac
402 1696 576 1775 quoque
590 1670 880 1746 Declinatione
897 1671 1139 1771 Quintiliani
1156 1692 1264 1747 aetat

186 1822 382 1873 aecarum
397 1796 445 1869 in
460 1789 627 1867 Graecis
643 1792 854 1867 vocabulis
872 1794 1092 1869 formarum
1115 1820 1207 1868 usus
1229 1793 1264 1867 in

185 1916 295 2007 init,
317 1936 466 1989 utnon
477 1918 604 1988 solum
618 1912 817 2005 Demoleos
831 1914 868 2007 8,
883 1922 920 2009 4,
937 1908 998 2005 ’24.
1027 1915 1190 2013 Isthmos
1202 1913 1239 2008 3,
1255 1918 1264 1986 i

185 2043 206 2111 t.
236 2058 278 2109 et
299 2034 451 2129 similia,
484 2031 696 2109 sedetiam
722 2044 965 2134 anapaestos,
999 2038 1185 2111 molosson
1214 2042 1263 2128 (e

185 2161 258 2235 mb.
282 2184 309 2231 ι.
331 2157 448 2233 etiam
470 2166 565 2254 9,4,
584 2157 633 2228 88
659 2160 981 2255 reponendum),
1007 2170 1156 2259 tropos,
1180 2157 1263 2255 erilt

185 2309 274 2357 imos
302 2304 342 2355 et
369 2280 635 2379 syllogismon,
673 2280 871 2356 trimetros
901 2300 942 2354 et
972 2280 1176 2355 trimetron
1202 2299 1263 2351 etc

186 2432 238 2480 ae
252 2400 443 2479 Lexieon
457 2398 687 2475 accuratius
703 2424 743 2475 et
751 2401 909 2503 plenius
924 2407 1126 2497 ostendet,
1149 2405 1263 2503 legar

185 2556 204 2599 ·.
257 2530 407 2625 Itaque
423 2520 657 2620 Zumptius,
684 2522 770 2597 sine
792 2523 900 2627 libris
921 2523 1076 2625 scripsit
1096 2523 1263 2623 rhythnn

191 2658 238 2745 4,
267 2670 373 2743 ιο9.,
406 2666 534 2744 atque
556 2669 632 2747 ego
653 2649 732 2719 hac
756 2670 927 2747 quoque
950 2649 1001 2721 de
1023 2670 1149 2720 causa
1169 2670 1261 2746 mag

184 2778 337 2860 ducor,
363 2787 413 2841 ut
432 2768 646 2839 molestum
668 2763 783 2840 illum
804 2792 880 2866 per
900 2792 941 2841 se
961 2770 1099 2841 locum
1120 2790 1156 2865 9,
1176 2774 1213 2860 lt,
1234 2770 1262 2861 7!

186 2894 374 2967 irnetrnm
392 2900 435 2962 et
447 2886 667 2988 promiscae
688 2886 816 2961 dicere
838 2889 948 2964 iie‘et:
971 2914 1039 2963 sea
1055 2890 1156 2963 earm
1165 2888 1262 2990 pede

184 3042 208 3089 es
217 3010 486 3115 percussiones
500 3006 622 3103 latet,
643 3030 814 3110 propter
830 3011 1024 3087 Latinam
1042 3008 1262 3085 terminati<

184 3126 453 3207 minsititium
468 3132 651 3203 habeam.
680 3134 837 3207 Rarum
853 3160 951 3209 vero
974 3154 1015 3219 et
1036 3132 1213 3207 insolens
1236 3156 1259 3203 c

192 3253 409 3355 Adiectivo
423 3252 705 3325 Anacreontion
722 3253 829 3327 colon
845 3278 881 3352 9,
891 3263 927 3349 4,
939 3256 1007 3351 783
1022 3280 1111 3328 non
1125 3249 1262 3326 inusitt

183 3402 226 3449 m
249 3375 290 3447 in
303 3374 458 3449 Plurali
473 3398 523 3447 en
536 3374 784 3450 tetrastichon
802 3379 972 3453 carmine
989 3374 1025 3471 6,
1042 3374 1078 3459 ὅ,
1095 3378 1146 3473 96
1163 3374 1211 3449 N.
1227 3400 1261 3446 et

188 3496 321 3601 primo
350 3496 567 3593 Georgicon
590 3497 633 3590 8,
662 3494 706 3591 5,
729 3500 799 3594 78,
827 3522 868 3573 et
891 3502 1036 3575 Locroe
1063 3520 1129 3593 10,
1158 3522 1199 3592 1,
1225 3522 1261 3589 7<

183 3644 373 3721 ‚anquam
386 3622 524 3691 adhuc
533 3617 651 3719 hujus
659 3619 912 3698 Nominativi
927 3624 1114 3721 exempla
1128 3616 1261 3693 omnin

183 3766 346 3843 rpauca
366 3743 496 3813 allata
516 3759 620 3816 sunt.
669 3740 886 3819 Ablativus
908 3743 949 3816 in
970 3742 1099 3837 sicania
1122 3746 1180 3816 Co
1202 3741 1239 3833 8,
1258 3756 1261 3791 ¹

183 3920 190 3937 .
224 3865 404 3937 debetur
432 3859 588 3964 Regia,
622 3861 695 3962 qui
724 3866 853 3959 bene,
886 3870 1002 3966 quod
1035 3858 1261 3966 Spaldingit

182 4007 290 4079 met,
314 3980 633 4086 orthographiae
647 3985 895 4061 consuluisse
915 3986 1011 4061 mihi
1026 3985 1193 4088 quidem
1215 3986 1253 4054 h.

182 4134 215 4183 =n
242 4108 432 4203 videtur,
466 4129 595 4205 quum
621 4105 868 4207 optimorum
882 4107 1088 4185 'Codicum
1115 4108 1190 4182 tto
1208 4129 1260 4180 nc
