2596 4866
108 331 199 406 xxj!
567 319 802 412 prolegomena

106 498 256 576 lecticas
270 519 306 590 2,
327 521 385 592 27,
405 503 460 580 ι4.
478 516 512 586 2,
528 518 590 589 22,
608 493 664 572 25.
676 497 949 594 grammatices
966 503 1045 591 ι,8,
1062 512 1118 567 22.
1135 514 1170 586 2,
1186 493 1298 586 2,8.-.·.

17 658 24 669 ·
105 618 266 696 mances
285 642 317 709 1,
336 641 394 711 10,
416 612 473 692 15.
490 615 552 697 55.
576 617 784 695 rhetorices
798 622 862 692 Pr.
878 618 939 692 25.
956 642 992 710 2,
1011 644 1044 709 ι,
1058 637 1096 712 9.
1112 634 1154 688 et
1171 610 1270 687 alibi
1296 675 1298 686 .

104 768 143 817 ν.
157 742 260 814 Lex.
315 739 470 812 Contra
483 737 656 812 Latinas
669 741 817 814 formas
831 741 973 814 habes:
997 737 1085 833 5,4,
1104 758 1161 808 ιο.
1184 735 1241 808 cli
1263 758 1298 784 ··

103 861 271 936 lecticae.
305 856 348 954 6,
372 882 414 951 2,
434 881 495 934 22.
526 859 827 935 Andromachae.
867 867 915 955 8,
932 877 975 949 4,
1000 884 1061 932 22.
1087 856 1287 931 Helenen*

105 987 145 1078 c)
169 969 506 1057 Accusotivus
524 1005 549 1055 a
564 981 828 1057 Nominativo
844 1009 870 1055 a
885 983 1089 1072 deflexus,
1105 1005 1130 1053 a
1142 979 1269 1052 Zum-

88 1103 192 1207 ‚ptio
223 1126 275 1174 ex
303 1099 573 1175 Ambrosiano
597 1105 628 1179 I.
658 1123 872 1203 receptus,
900 1129 993 1176 raro
1027 1121 1101 1175 aut
1130 1099 1268 1200 potins

102 1227 220 1311 nullo
235 1203 287 1294 ιη’
295 1226 417 1321 pr'osa
431 1224 618 1322 exemplo
633 1223 837 1322 reperitur
852 1224 1068 1322 allegorian
1083 1216 1120 1312 5,
1137 1245 1197 1312 ιι,
1208 1244 1276 1313 22,

103 1343 180 1419 nisi
205 1347 320 1441 quod
342 1368 476 1443 nuper
496 1345 673 1445 Spengel
699 1346 850 1437 (Praef.
875 1344 1055 1447 p.1.x11)
1081 1350 1122 1415 et
1147 1339 1271 1415 Ottfr.

104 1446 256 1541 Mulier
269 1466 411 1563 (Praef.
426 1489 466 1562 p.
484 1470 664 1563 22222222),
692 1464 770 1539 viri
788 1466 918 1559 docti,
944 1465 988 1540 in
1002 1460 1198 1543 Varronis
1216 1466 1265 1533 de

102 1584 246 1687 lingua
260 1568 414 1658 Latina
427 1583 535 1658 libris
550 1583 768 1658 ediderunt
782 1589 1002 1686 ortalogran.
1048 1586 1205 1658 Contra
1221 1580 1263 1653 in

102 1704 338 1815 Masculinis
355 1703 398 1778 in
413 1731 458 1781 as
477 1703 841 1804 frequentissimum
858 1731 917 1783 est
935 1737 1008 1801 art,
1028 1725 1078 1779 ut
1094 1706 1284 1778 Demean.

90 1853 142 1927 ν7,
157 1849 194 1923 9,
212 1849 268 1901 ιο.
292 1827 330 1918 8,
345 1849 381 1920 2,
403 1824 460 1899 26.
489 1827 662 1924 Gorgian
676 1850 711 1919 2,
732 1820 791 1924 25,
807 1852 868 1924 27.
890 1829 1161 1925 Hermagoran
1174 1824 1212 1918 5,
1232 1851 1265 1914 ι,
1289 1888 1294 1901 .

106 1950 154 2020 18
170 1957 269 2047 (quo
283 1950 377 2021 loco
386 1950 430 2025 Z.
444 1948 488 2022 in
502 1949 642 2049 Suppl
658 1952 710 2022 de
723 1954 800 2026 hac
817 1948 860 2022 in
867 1945 1279 2033 Ambrosianolmsiffi

102 2054 193 2159 tota
205 2071 336 2143 forma
349 2067 558 2170 disputat).
581 2068 625 2166 5,
641 2068 684 2162 6,
699 2069 759 2145 62.
781 2070 816 2161 5,
836 2096 894 2165 ιι,
916 2074 972 2147 18.
1008 2071 1155 2167 Lysian
1177 2091 1214 2165 9,
1227 2075 1263 2162 li,

45 2230 49 2237 ·
106 2187 164 2263 16.
192 2190 438 2289 Protagoran
454 2191 497 2284 5,
512 2197 550 2285 4,
573 2214 628 2267 ιο.
659 2191 839 2282 Theano,
859 2215 916 2289 17,
933 2215 967 2285 7.
1016 2195 1078 2268 En
1101 2213 1162 2265 est
1183 2189 1267 2264 usi-.

101 2333 193 2420 tata
211 2313 343 2385 forma
364 2332 405 2384 et
425 2309 469 2383 in
491 2308 728 2402 Femininis,
754 2330 803 2385 ut
826 2310 1078 2414 apostrophen
1098 2320 1135 2406 4,
1155 2309 1257 2407 1,69.

98 2431 381 2532 grammaticen
403 2452 446 2522 2,
468 2455 504 2512 ι,
520 2427 554 2505 6.
581 2431 750 2506 marsican
772 2457 811 2526 1,
831 2456 895 2525 ιο,
912 2460 947 2530 9.
969 2458 1023 2510 ιο.
1048 2434 1259 2509 rhetoricen

102 2578 147 2646 2,
163 2557 239 2642 24,
268 2575 319 2643 ι.,
351 2551 466 2650 cujus
495 2550 651 2656 generis
676 2556 798 2653 plura
822 2553 1035 2653 praebebit
1059 2555 1262 2645 Lexicon,

101 2698 200 2749 nam
214 2672 399 2747 maricam
414 2676 457 2766 8,
476 2673 518 2766 5,
535 2673 595 2759 5ο.
618 2676 834 2752 universae
848 2675 1073 2750 sententiae
1092 2676 1265 2751 necessi-

100 2818 164 2870 tas
184 2793 378 2896 protulit:
405 2795 514 2870 etin
535 2797 789 2873 Masculinis:
815 2796 1024 2873 Aeschinen
1044 2820 1087 2886 2,
1115 2823 1180 2893 17,
1207 2820 1265 2872 ι2.

101 2925 144 3010 4,
163 2943 202 3009 ι,
219 2915 281 2990 66.
306 2908 350 3009 5,
370 2943 433 3014 ιι,
453 2942 513 3017 27.
537 2919 761 3020 Alcihiarlcn
777 2922 818 3012 8,
835 2925 878 3010 4,
896 2918 956 2992 25.
983 2919 1264 3019 Aristophanen

73 3074 80 3090 ·
104 3068 147 3132 1,
172 3065 213 3132 1,
240 3030 295 3113 15.
321 3041 597 3117 Demosthenen
621 3039 664 3135 5,
686 3038 748 3132 25,
769 3050 828 3125 42.
852 3036 894 3132 5,
917 3046 980 3132 24,
997 3039 1057 3113 52.
1079 3039 1121 3133 6,
1142 3040 1184 3133 5,
1203 3065 1263 3118 2ι.
1291 3082 1294 3087 -

42 3164 49 3177 ’
100 3162 325 3268 hypocriten
348 3191 404 3256 ιι,
421 3162 456 3256 5,
472 3189 507 3260 7.
536 3164 767 3239 Palameden
782 3160 824 3253 5,
844 3187 858 3232 2
873 3217 884 3250 ,
905 3185 964 3236 ιο.
994 3163 1151 3236 Peliden
1166 3165 1209 3253 8,
1225 3161 1260 3255 6,

99 3266 162 3360 (lo.
196 3283 414 3359 Plisthenen
438 3284 519 3387 (sic
542 3285 649 3359 enim
670 3285 786 3358 Amb.
813 3310 845 3360 1.
870 3283 1036 3383 Lassb.)
1069 3272 1111 3374 5,
1133 3309 1178 3379 7,
1205 3306 1273 3381 29..

96 3404 351 3504 gllncyltden
364 3429 407 3504 9,
426 3414 462 3499 4,
481 3414 543 3501 26;
568 3410 693 3481 adde:
719 3406 918 3481 Isocraten
938 3432 970 3498 1,
986 3413 1022 3497 4,
1042 3403 1087 3477 26
1107 3408 1145 3477 S.
1170 3403 1205 3499 5,
1230 3430 1259 3498 ι,

102 3523 331 3625 24.9,4,55.,
342 3528 490 3627 quibus
506 3527 603 3602 locis
616 3532 730 3601 haud
746 3527 827 3603 seio
843 3553 898 3601 an
912 3524 1125 3614 movearis,
1136 3547 1185 3597 ut
1205 3546 1261 3620 12,

59 3642 65 3647 ’
103 3636 170 3743 ιο,
186 3657 247 3746 49.
272 3674 443 3750 quoque
459 3650 672 3725 Isocratem
694 3648 881 3753 corrigas.
931 3628 1058 3722 Porro
1077 3648 1265 3744 Polycra7

99 3784 165 3847 ton
188 3793 231 3866 2,
252 3796 314 3868 27,
331 3777 367 3854 4.
396 3775 587 3846 »Socraten¹
602 3772 675 3870 (ex
695 3771 813 3846 Amb.
838 3776 881 3864 ι.)
897 3794 940 3864 2,
962 3795 1026 3867 27,
1043 3774 1077 3851 4.
1099 3766 1142 3860 5,
1163 3791 1262 3865 ι,9.,

99 3913 229 3994 atque
247 3892 366 3966 etiam
385 3892 584 3967 Latinum
607 3894 747 3969 Uliaen
766 3919 805 3987 1,
820 3900 862 3983 4,
883 3889 927 3965 26
946 3893 983 3964 S.
1010 3913 1045 3980 2,
1065 3886 1123 3983 25,
1144 3886 1201 3963 25.
1223 3899 1262 3982 4,

99 4036 138 4109 2,
168 4013 242 4109 25,
268 4038 397 4114 quum
417 4034 556 4109 tamen
572 4014 794 4091 Genitivus
819 4011 969 4088 efficiat
993 4012 1127 4086 Ueien
1144 4037 1208 4103 11,
1225 4010 1263 4101 5,

99 4130 195 4243 ⁸158;
229 4135 407 4235 itemque
432 4138 683 4237 melcolm
712 4164 750 4231 2,
775 4142 820 4232 4,
842 4143 885 4231 4,
919 4134 1106 4255 quamvis
1130 4131 1262 4235 prima
