2596 4866
448 321 611 386 Pertracto
633 358 675 368 -
696 323 852 387 Perteuio
1019 308 1042 345 ⁵
1174 332 1236 394 653

185 511 207 548 1.
228 493 255 548 5.
278 501 446 561 quantum
464 496 497 547 ad
515 494 582 548 alios
602 494 734 559 pertineat
751 498 777 559 8,
794 501 821 560 2,
840 497 880 551 19.
904 507 1070 565 quantum
1090 499 1123 551 ad
1141 499 1237 571 cogni-

185 561 567 643 111111511111511511111112,4,
590 571 617 622 2.
652 564 682 634 7)
710 585 760 634 seq,
792 577 841 617 ut:
866 574 900 617 ut
927 576 1015 637 gratus
1035 569 1087 632 sit,
1115 570 1149 619 ad
1176 587 1238 621 euin

185 651 203 686 ts
222 641 348 701 pertinet,
374 634 420 700 qui
444 635 523 686 debet
549 638 593 701 12,
615 638 643 700 7,
668 638 710 686 12.
745 651 815 701 quae
838 635 928 687 omnia
955 653 996 688 eo
1021 637 1170 703 pertinent,
1201 646 1238 689 ut

185 712 255 766 reat,
272 716 327 753 non
345 702 438 770 utique
455 719 565 755 namara
582 720 643 755 eum
664 715 710 755 etc.
731 703 759 768 4,
776 708 803 770 2,
822 706 864 758 19.
883 703 917 766 cf.
935 707 977 758 82.
997 710 1039 770 12,
1058 712 1083 771 2,
1100 706 1125 758 ti.
1150 723 1237 773 nemra

190 788 232 825 eo
249 779 330 838 pert,
348 780 386 823 ut
403 771 431 822 iu
451 764 493 824 his
511 773 600 824 nullus
617 771 652 824 sit
670 781 797 837 ornatus,
815 774 864 825 sed
881 774 920 824 uti
937 775 1055 842 pressior
1072 783 1099 827 et
1116 777 1238 828 severior

185 843 214 908 8,
237 844 263 905 3,
288 843 330 893 13.
367 842 464 911 Quod
491 850 579 893 autem
605 841 699 908 posui,
726 844 847 907 1515115,
880 859 933 909 quo
958 844 1073 911 nitidque
1097 855 1238 897 accusator

185 924 204 961 o
229 909 341 972 dixerit,
366 912 435 961 huc
458 910 641 977 pertinet,
666 920 704 962 ut
729 931 763 951 -ι
788 910 846 977 ipsa
873 913 929 978 ejus
952 915 1036 965 verba
1059 922 1191 978 ponantur
1211 915 1239 979 5,

185 978 228 1032 25.
258 976 297 1043 11)
316 982 428 1030 Partim:
447 981 530 1030 multa
549 980 593 1030 ad
612 981 688 1031 eund.
706 994 763 1032 rem
781 980 941 1046 pertinentia
967 981 993 1046 9,
1013 982 1039 1046 4,
1059 987 1081 1033 1.
1102 982 1255 1041 5111111-“

188 1064 227 1121 111
242 1047 404 1116 pertinentia
420 1049 462 1099 ad
480 1048 701 1101 deliberationem
728 1050 755 1115 3,
780 1051 807 1113 8,
832 1055 874 1108 11.
909 1049 994 1101 finitio
1020 1060 1185 1116 supervacua
1211 1059 1240 1104 et

185 1117 245 1167 lad
267 1134 372 1168 causam
402 1117 538 1184 pertinens
563 1123 590 1184 7,
616 1120 641 1183 3,
666 1121 709 1170 20.
744 1126 810 1184 pert.
839 1121 881 1170 ed
904 1136 934 1170 se
962 1120 1081 1171 laborem
1104 1124 1130 1184 2,
1159 1126 1182 1184 1,
1210 1124 1236 1173 5.

185 1187 247 1239 ‚ad
263 1186 361 1257 figuras
381 1185 450 1237 liber
467 1189 493 1252 9,·
520 1193 589 1252 1,1.
624 1187 713 1239 locum
742 1188 783 1239 ad
808 1186 872 1240 alias
900 1188 975 1255 quasi
1001 1188 1113 1242 virtutes
1132 1189 1238 1241 dicendi

185 1258 238 1306 .1'd.
256 1257 297 1307 36.
319 1264 406 1321 pert.
427 1257 468 1307 ad
486 1273 592 1308 causam
612 1257 659 1308 sed
681 1271 738 1308 non
757 1256 872 1325 ipsius
897 1274 994 1310 causae
1018 1258 1184 1310 narrationes
1208 1258 1236 1324 4,

185 1328 207 1377 t.
241 1340 278 1377 ex
294 1323 467 1390 opinionibus
485 1326 523 1376 ad
542 1324 648 1378 causam
671 1333 779 1378 extra
795 1334 864 1392 pert.
890 1324 917 1392 4,
938 1331 962 1391 1,
982 1328 1024 1380 50.
1060 1330 1102 1377 ad
1122 1327 1148 1377 id
1167 1334 1250 1393 pert.'

185 1402 259 1461 cepta
275 1394 301 1458 6,
319 1396 345 1459 3,
364 1399 406 1445 11.
441 1411 485 1445 res
503 1404 571 1462 pert.
595 1396 637 1447 ad
659 1395 813 1463 exemplum
838 1393 865 1459 4,
884 1398 909 1459 1,
928 1397 971 1447 33.
996 1404 1037 1449 est
1061 1404 1088 1447 et
1111 1397 1178 1447 alius
1199 1414 1237 1448 ex

186 1463 235 1514 riis
251 1478 332 1524 usus,
361 1465 409 1514 sed
429 1479 482 1514 non
503 1466 545 1516 ad
564 1464 733 1531 praesentem
750 1471 819 1530 pert.
837 1465 929 1517 locum
948 1464 991 1530 10,
1010 1471 1034 1529 1,
1053 1462 1098 1521 st.

185 1544 255 1594 tcto.
285 1548 391 1616 poetica
411 1550 527 1601 themata
543 1557 706 1617 pertractare
722 1551 748 1612 2,
772 1550 815 1613 10,
832 1547 857 1601 5.
883 1549 971 1602 omnis
995 1551 1104 1602 honesti
1119 1550 1236 1618 iustique

185 1616 257 1685 plina
276 1620 462 1685 pertractanda
482 1623 523 1684 12,
543 1622 570 1683 2,
590 1622 622 1677 1.Ι
651 1616 777 1686 quidquid
797 1616 849 1669 erit
868 1618 1007 1672 sententiis
1030 1622 1158 1686 populare
1179 1631 1237 1684 etc,

185 1694 196 1807 ξ
212 1686 322 1808 11ζῖῗέοέ
336 1686 444 1809 qpidpr'p
459 1685 629 1756 eloquentiae
646 1686 897 1741 intuendumet
908 1704 994 1756 paene
1011 1698 1239 1758 pertractan-

320 1795 328 1823 Ι
372 1797 380 1824 i
438 1794 447 1814 ‘

185 1838 296 1905 litatio·
325 1859 439 1912 militnm
458 1878 485 1927 p.
505 1862 534 1924 3,
550 1860 577 1923 8,
588 1861 634 1915 21.
651 1876 677 1926 p.
695 1857 793 1912 mentis
812 1859 840 1927 9,
852 1862 878 1925 3,
895 1856 940 1913 47.
959 1860 1124 1916 allectus
1142 1830 1238 1915 exciri-

185 1928 222 1985 los
242 1929 386 1995 putabant,
419 1929 481 1996 quia
506 1927 602 1981 vitium
630 1938 701 1983 esset
723 1928 810 1987 omnis
837 1927 949 1980 animi
970 1938 1059 1996 pert.
1087 1934 1113 1996 5,
1138 1933 1182 1984 Pr.
1213 1937 1239 1983 1.

185 1998 217 2066 ι(
263 2008 332 2049 emus
351 1995 501 2066 commotos)
523 1998 556 2049 ad
575 2007 671 2066 pert,
689 1999 751 2051 illos
775 1999 809 2051 ad
833 1998 1135 2052 benevolentiam
1159 2016 1239 2069 prae-

185 2082 210 2120 15
275 2069 338 2132 2,9
363 2085 389 2126 v.
411 2064 596 2143 Paulatim]
1240 2058 1245 2069 ’

185 2148 250 2215 1110·
292 2167 367 2222 varia
384 2169 580 2238 permutatione
597 2169 755 2236 perturbent
772 2165 893 2237 (literas)
911 2173 937 2236 1,
957 2174 982 2236 1,
1002 2171 1046 2223 25.
1065 2166 1174 2221 somnos'
1191 2167 1239 2220 ilia

185 2238 305 2307 quietem
325 2239 386 2291 visa
403 2241 559 2306 perturbant
578 2244 619 2306 12,
639 2243 665 2305 1,
686 2240 712 2294 6.

185 2308 239 2407 (1οἶ
275 2324 473 2448 811113ᾱὲ651
495 2327 613 2393 pervasit
641 2328 684 2392 11,
713 2329 739 2392 1,
756 2325 804 2391 56;
844 2322 963 2393 peruasit
987 2322 1039 2390 iam
1066 2323 1165 2375 multos
1189 2320 1241 2374 ists

185 2410 257 2448 nasio
294 2434 302 2462 ,
338 2434 346 2460 ,
404 2430 411 2446 .

186 2499 254 2541 mo-
278 2494 320 2558 ἀ)
337 2498 369 2547 de
390 2499 508 2563 pascuis.
526 2495 554 2564 a)
572 2502 646 2549 Aac:
675 2496 769 2549 eadem
788 2495 893 2548 ratione
912 2495 1078 2547 Pisistratum
1096 2494 1135 2544 ad
1153 2492 1241 2545 domi-

185 2582 258 2619 mem
276 2565 434 2634 pervenisse
454 2570 479 2629 5,
500 2570 541 2626 11,
560 2568 585 2619 8.
603 2566 698 2633 mribus
717 2567 872 2632 pervenisse
889 2582 933 2617 me
952 2566 992 2616 ad
1014 2563 1121 2630 aliquod
1142 2578 1242 2614 nomen

185 2636 221 2689 nii
236 2634 265 2702 6,
282 2639 310 2699 2,
328 2635 372 2688 36.
406 2652 495 2704 nemra
514 2636 591 2687 aliter
608 2636 752 2701 pervenire
776 2637 816 2687 sd
841 2635 1005 2686 intellectum
1030 2631 1197 2700 sequentium
1219 2638 1243 2695 1,

185 2708 208 2759 3.
244 2705 287 2757 ad
300 2703 433 2756 inlinitum
450 2722 562 2772 usque
580 2704 721 2770 perveniat
746 2707 789 2770 11,
816 2709 843 2770 2,
868 2705 911 2756 41.
949 2710 1090 2766 excutere,
1114 2700 1243 2769 quidquid

188 2782 295 2843 potest,
314 2782 356 2839 et,
381 2777 457 2827 velut
479 2774 626 2841 rejectione
655 2776 739 2841 iacta,
774 2774 815 2824 nd
841 2773 969 2842 optimum
991 2770 1188 2839 perveniret,
1216 2775 1241 2836 1,

185 2843 213 2901 iu
229 2842 419 2896 Partitionibus
438 2845 562 2896 oratoriis
580 2847 619 2895 ad
638 2845 710 2896 easd.
738 2843 856 2912 quinque
877 2841 1001 2910 pervenit
1019 2850 1108 2909 partes
1126 2842 1152 2904 3,
1170 2842 1196 2905 3,
1215 2844 1242 2891 7.

185 2912 206 2981 i,
232 2914 261 2979 6,
287 2911 330 2966 49.
365 2913 410 2964 alii
436 2924 618 2979 pervenerunt
645 2930 758 2980 usque
783 2915 822 2965 ad
847 2922 910 2965 octo
936 2912 1055 2975 (status)
1079 2913 1111 2975 3,
1135 2910 1166 2973 6,
1200 2911 1243 2961 55.

205 2982 246 3034 ad
272 2998 317 3034 eas
341 2981 370 3032 in
397 2983 491 3035 studiis
518 2984 592 3035 vires
622 2983 778 3049 pervenerit
817 2998 885 3048 puer
915 2986 949 3044 2,
981 2985 1013 3045 2,
1049 2985 1075 3043 1;
1107 2980 1242 3046 quomodo

185 3051 267 3105 'enire
293 3051 457 3118 quolibet
485 3052 549 3103 licet
577 3052 602 3113 5,
630 3056 671 3116 10,
700 3050 750 3116 841
784 3070 834 3118 sep.
860 3055 910 3100 in:
934 3049 972 3101 in
999 3048 1142 3100 crastinum
1170 3048 1243 3099 diem

185 3129 314 3175 antarum
335 3123 360 3185 5,
380 3123 423 3185 10,
441 3123 485 3176 16.
521 3121 555 3171 in
573 3121 686 3173 sublime
704 3128 731 3171 et
750 3121 789 3170 ad
806 3136 939 3170 summum
965 3133 1021 3168 nou
1039 3117 1164 3182 pervenit
1181 3116 1243 3169 nisu

185 3189 287 3259 impetu
306 3191 333 3255 8,
351 3188 377 3255 4,
402 3192 428 3244 9.
466 3189 510 3257 qui
537 3189 662 3256 pervenit
683 3188 718 3240 in
744 3203 875 3239 summum
901 3191 948 3249 12,
973 3189 1021 3250 10,
1044 3188 1095 3249 783
1119 3205 1176 3253 sep,
1193 3197 1242 3237 ut:

185 3275 210 3313 ιο
228 3258 344 3312 circuitu
361 3260 400 3310 ad
418 3258 449 3310 id
468 3258 627 3325 pervenire,
652 3266 687 3309 ut
704 3256 760 3322 illi,
790 3258 862 3324 quod
885 3255 1002 3307 maxima
1031 3254 1121 3307 dicere
1145 3254 1243 3319 volarit,

185 3338 246 3395 atur
264 3345 421 3394 expressum
438 3330 464 3394 5,
488 3334 514 3391 7,
542 3330 584 3379 16.
619 3325 762 3393 pervenire
781 3341 825 3378 eo
853 3326 950 3384 debet.
975 3333 1013 3376 ut
1037 3322 1163 3395 cogitatio
1188 3339 1244 3375 non

185 3398 213 3452 ue
232 3398 330 3451 melior
350 3398 434 3450 silea
453 3399 501 3450 sed
518 3396 600 3448 tutior
618 3400 661 3459 10,
680 3402 707 3463 7,
729 3397 772 3448 79.
808 3397 967 3467 Pergamus,
994 3394 1033 3446 sic
1052 3393 1242 3462 perveniemus

185 3485 306 3536 isque,
330 3476 367 3519 ut
388 3469 464 3519 stella
483 3467 589 3518 luminis
608 3466 678 3517 stilla
696 3464 800 3517 dicatur
827 3469 860 3528 1,
885 3464 916 3529 6,
941 3463 982 3516 35.
1018 3461 1048 3529 11)
1074 3468 1162 3514 Pasa.-
1188 3462 1244 3529 illa,

188 3554 257 3606 111155
277 3538 311 3589 ad
329 3535 510 3605 eloquentiam
526 3536 683 3602 pervenitur
699 3540 726 3597 2,
744 3537 770 3599 3,
789 3534 814 3589 5.
849 3534 887 3586 ita
911 3532 1047 3600 perveniri
1074 3533 1107 3583 ad
1126 3531 1244 3599 speciem

197 3615 287 3675 potest
305 3609 331 3671 3,
350 3610 375 3670 5,
396 3610 436 3659 13.
460 3604 493 3669 cs.
518 3610 543 3671 5,
568 3609 611 3669 10,
634 3605 678 3660 56.
713 3621 765 3657 nec
788 3605 821 3654 ad
846 3603 926 3654 ullius
952 3601 992 3654 rei
1016 3619 1162 3666 summam,
1191 3600 1244 3651 nisi

185 3675 345 3728 medentibus
364 3675 464 3739 initiis,
493 3673 629 3741 perveniri
645 3675 689 3726 Pr.
714 3674 738 3727 5.
769 3672 802 3736 cs.
830 3677 877 3738 10,
899 3677 935 3736 ·1,
961 3669 987 3723 4.
1027 3687 1083 3723 non
1106 3669 1245 3738 perveniri

185 3754 212 3797 st
229 3747 262 3797 ad
281 3746 351 3796 banc
370 3746 426 3799 rim
446 3750 488 3810 10,
506 3746 531 3805 6,
556 3748 581 3796 2.
617 3758 687 3810 quo
714 3745 748 3795 sit
774 3751 800 3797 et
823 3758 886 3810 qua
908 3741 1121 3808 perveniendum
1149 3743 1191 3802 10,
1216 3742 1244 3802 7,

185 3817 206 3879 l)
223 3818 254 3866 de
272 3817 404 3866 inanimis.-
431 3816 516 3865 atad
536 3830 593 3866 eam
619 3814 690 3865 bona
714 3829 763 3880 per
786 3814 841 3865 ltoc
865 3811 973 3862 tacitum
1011 3807 1245 3862 fideicommissum

185 3884 297 3937 1511115111
315 3887 342 3948 9,
359 3889 385 3950 2,
402 3883 446 3938 74.
480 3883 637 3950 pervenisse
656 3883 692 3933 ad
718 3879 854 3933 Rabirium
879 3879 1022 3949 pecrmiam
1046 3878 1073 3944 4,
1101 3883 1127 3942 2,
1153 3878 1193 3927 11).
1221 3874 1245 3927 si

199 3968 241 4005 ex
259 3953 338 4006 nobis
363 3953 404 4005 ad
430 3956 544 4021 invenes
571 3954 658 4005 bonos
681 3951 825 4017 pervenire
850 3959 941 4019 posset
966 3949 1065 4000 utilitas
1089 3948 1116 4009 6,
1144 3946 1187 4001 Pr.
1214 3947 1243 4007 ¹3

185 4021 195 4072 i
202 4038 301 4091 eornm
320 4024 359 4074 ad
378 4022 494 4074 animum
510 4023 651 4090 perveniet
670 4025 712 4086 10,
730 4024 756 4087 3,
774 4022 818 4075 28.
834 4019 1006 4091 ingeniorum
1022 4029 1245 4084 praecoxrgenus

189 4096 294 4149 temere
306 4108 423 4160 unquam
436 4092 561 4158 pervenit
577 4092 617 4143 ad
635 4094 739 4162 frugem
758 4094 783 4154 1,
797 4092 824 4156 3,
842 4091 867 4142 3.
885 4098 916 4140 111
929 4088 1035 4140 1111111155
1050 4082 1245 4150 posterioribus

185 4156 216 4225 it)
232 4161 400 4215 admedios
425 4160 545 4228 poplites*
563 4161 722 4228 perueniant
752 4165 794 4225 11,
825 4162 850 4223 3,
875 4160 935 4211 138.
970 4172 1015 4208 res
1040 4153 1080 4204 ad
1103 4151 1145 4217 id,
1173 4152 1244 4220 quod

185 4234 223 4299 tttt
237 4228 362 4299 edicere,
384 4228 570 4299 1511511515,
588 4235 617 4298 7,
628 4233 677 4285 128.
711 4227 836 4298 pervenit
853 4244 899 4281 res
917 4222 1094 4293 usquead
1120 4221 1243 4295 aenigma
