2596 4866
127 417 184 473 111
376 394 379 403 ¹
613 407 786 477 Praefatio.

7 572 12 587 ’
126 583 272 685 Lexici
293 578 467 657 Fabiani
489 599 530 650 et
552 581 772 654 verborum
800 602 841 654 et
866 581 1146 655 elocutionum
1171 604 1246 681 quq

128 702 392 806 copiosissimi
421 721 464 775 et
501 700 788 785 accuratissimi
826 702 1114 805 componendi.
1185 686 1246 801 in

34 872 37 879 ·
126 825 212 927 ipse
241 830 293 900 de
323 830 403 898 hoc
434 821 582 898 Lexici
617 821 824 898 condendi
856 848 982 925 opere
1013 821 1202 914 senserit,
1227 820 1246 911 :¹-

9 990 12 997 ·
123 944 386 1039 Praefatione
407 968 483 1019 sua
503 942 889 1045 Supplementorum
911 970 951 1046 p.
967 946 1085 1023 XXV.
1104 962 1246 1044 pronu*

124 1065 263 1160 navit,
298 1092 395 1170 ergo
429 1090 564 1139 meum
596 1086 704 1158 erat,
736 1091 816 1142 nec
848 1090 960 1167 spem
993 1090 1072 1139 nec
1098 1062 1246 1162 judicio

49 1178 52 1188 ’
125 1186 232 1261 tanti
265 1186 341 1262 viri
368 1187 521 1262 fallere.
586 1187 730 1289 Atque
756 1188 939 1262 laborem
969 1206 1080 1261 certe
1112 1184 1246 1286 impeti

124 1332 201 1408 per
222 1310 394 1413 longum
414 1306 619 1383 annorum
640 1308 816 1410 spatium
836 1334 964 1409 quam
985 1305 1239 1395 maxi'mum,'

60 1476 62 1481 -
123 1428 283 1502 tametsi
298 1426 479 1530 aequalis
496 1422 654 1530 semper
669 1428 710 1505 et
724 1454 802 1530 par
816 1427 891 1504 sibi
905 1427 1037 1529 operis
1051 1426 1246 1526 perficior

124 1570 246 1623 tenor
261 1549 354 1625 satis
373 1542 439 1625 nie
458 1548 670 1653 fatigaret,
691 1570 832 1625 tamen
852 1551 967 1623 nefas
991 1546 1093 1621 duxi
1109 1544 1246 1629 oomni

124 1691 222 1764 tere,
248 1691 297 1745 ut
314 1674 367 1747 ab
388 1696 513 1774 opere
532 1673 655 1745 semel
670 1695 859 1774 suscepto
879 1672 1118 1762 abducerer,
1146 1695 1246 1770 quar

122 1791 185 1868 vis
223 1793 418 1896 gratiores
461 1789 688 1866 arriderent
727 1792 824 1869 mihi
864 1792 1073 1866 literarum
1118 1790 1202 1864 loci

105 1914 375 2019 ¹amoeniores
392 1912 597 2019 regiones',
621 1939 697 2015 per
712 1939 815 2015 quas
837 1936 1053 1987 excurrere
1077 1931 1117 1985 et
1136 1909 1246 2012 jucu]

124 2033 214 2110 dius
246 2056 287 2110 et
322 2036 494 2113 forsitan
532 2034 779 2110 fructuosius
812 2030 910 2108 mihi
944 2030 1102 2129 fuisset3
1148 2059 1246 2112 veru

121 2156 248 2261 magis
290 2157 414 2234 etiam
462 2156 700 2232 instandum
743 2156 803 2232 rei
847 2154 1087 2250 videbatur,
1161 2182 1246 2257 quu

122 2278 340 2374 evenisset,
385 2300 435 2355 ut
472 2303 549 2381 ego
586 2281 642 2351 ad
674 2276 782 2352 idem
818 2302 967 2351 munus
1003 2278 1246 2353 scholastico

119 2400 348 2474 ineundum
369 2424 559 2491 vocarer,
586 2402 703 2500 quod
724 2399 821 2474 olim
843 2423 938 2473 cum
956 2420 1076 2474 tanta
1097 2392 1221 2473 laude
1240 2396 1246 2471 i

121 2521 341 2616 Gymnasio
363 2519 619 2596 Berolinensi
641 2520 902 2624 Spaldingius
923 2520 1246 2598 administrarem

119 2634 168 2715 ut
190 2643 278 2716 fato
302 2628 485 2743 quodam
509 2646 654 2751 eodem
681 2667 816 2744 prope
841 2644 936 2718 loco
963 2641 1095 2717 ¹editio
1122 2642 1246 2744 Quint

116 2762 237 2856 liani,
264 2788 350 2863 quo
375 2762 571 2838 inchoata
594 2784 715 2856 esset,
742 2785 784 2838 et
807 2763 1085 2866 perficeretur.

222 2886 342 2985 Quae
364 2907 505 2960 tamen
532 2885 628 2988 mihi
656 2906 745 2961 erat
765 2884 835 2962 vi'a
856 2886 1145 2988 ingredienda,
1179 2910 1246 2987 qui

117 3006 224 3082 ratio
247 3005 500 3082 instituenda
522 3006 567 3081 in
591 3006 851 3108 disponendo
879 3031 921 3081 et
951 2986 1186 3081 ordinando
1212 3013 1246 3081 h<

116 3126 305 3204 Lexicoi’
343 3130 530 3204 Excusso
553 3149 645 3203 toto
670 3108 947 3229 Quintiliano,
981 3131 1147 3230 qualem
1170 3130 1246 3229 Spa

119 3248 279 3354 dingius
304 3273 571 3325 recensuerat
594 3271 635 3324 et
656 3270 959 3353 composuerat,
989 3276 1039 3326 ac
1061 3270 1246 3325 retracta

117 3376 280 3466 eodem,
321 3364 453 3473 qualis
484 3399 510 3448 a
538 3372 732 3474 Zumptio
761 3370 969 3447 restitutus
1000 3391 1105 3465 erat,
1147 3394 1246 3465 omn·

115 3493 240 3567 libros
279 3492 321 3566 et
358 3492 509 3596 scripta
544 3480 646 3588 adii,
693 3492 933 3592 ubicunque
971 3493 1246 3594 quidquam-t¹

116 3610 374 3715 Quintiliano
413 3616 666 3717 disputatum
705 3635 811 3708 erat,
862 3619 978 3715 quod
1016 3620 1206 3689 nondum
1242 3640 1246 3687 :

113 3732 304 3810 notitiam
331 3736 532 3838 Zumptii,
577 3762 707 3839 quum
737 3735 959 3810 editionem
995 3763 1108 3811 suam
1143 3737 1246 3811 emisi

114 3855 331 3961 pervenire
358 3878 552 3958 potuerat
559 3886 570 3956 ;
616 3884 670 3934 ne
698 3858 799 3958 quid
824 3860 910 3932 ullo
936 3861 1031 3933 loco
1060 3858 1246 3957 repositu

116 4000 235 4073 esset,
276 3975 379 4079 quin
408 3981 614 4056 conferret
633 3972 698 4054 'ad
721 3983 1029 4081 explanandum
1050 3985 1164 4053 hunc
1188 4006 1246 4054 scr

114 4121 289 4203 ptorem.
344 4098 477 4174 Erant
503 4101 669 4202 quidem
699 4101 943 4202 Quintiliani
972 4101 1083 4194 libri,
1119 4121 1246 4202 praet*

117 4222 337 4320 decimum,
369 4235 513 4327 prope*
523 4223 707 4305 derelicti
730 4250 757 4301 a
777 4222 873 4303 viris
896 4223 1026 4302 doctis
1048 4243 1143 4327 post
1163 4223 1246 4325 Spa
