2596 4866
461 312 485 324 ”
586 319 728 408 Tempus
1165 330 1225 391 891

189 494 224 544 10.
242 501 262 543 1.
278 495 376 563 gradus
397 485 424 558 5,
442 498 489 560 10,
507 491 550 547 46.
568 494 671 546 116661.
691 495 766 548 velut
783 494 917 548 subsiciva
937 499 962 557 1,
982 501 1025 563 12,
1047 498 1096 562 133
1114 498 1230 565 1666616-

207 563 234 628 9,
255 565 281 627 2,
299 561 343 615 41.
379 562 409 628 6)
430 569 493 615 1161.
513 566 549 615 do
566 563 695 630 tempori,
715 580 750 616 ne
768 565 837 616 hirta
857 574 920 635 toga
937 564 985 630 sit3
1009 581 1065 618 non
1083 565 1231 634 66616612,

191 628 226 682 17.
247 631 320 703 nitor
345 642 390 683 616.
409 632 493 704 magis
518 632 606 691 videri
629 640 717 700 potest
734 634 898 700 temporibus
922 651 1000 701 quam
1025 634 1090 701 ipsis
1112 634 1231 689 defuisse

201 702 270 762 ,97.
294 702 410 752 dandum
431 701 555 753 nonnihil
577 701 656 754 etiam
679 704 903 768 temporibus
928 712 981 770 atq.
1008 703 1161 756 auribus
1186 708 1243 771 12,,

192 772 225 822 15.
272 768 302 835 ζ)
319 775 440 821 Accusat.
466 768 500 833 6)
520 773 606 836 Sing..·
630 787 687 823 rem
711 779 804 837 postea
827 772 964 837 proprium
985 779 1004 823 1.
1023 772 1231 826 desideraturam

194 879 195 895 ,
214 840 257 889 35.
276 838 311 901 cs.
331 842 361 903 1,
382 843 414 904 2,
435 843 465 890 11
481 845 513 893 Ζ.
535 839 564 891 in
586 839 651 906 ipsis
672 838 752 892 etiam
769 839 982 892 distinctionibus
1000 850 1018 891 t.
1038 841 1102 892 61166
1122 841 1232 895 brevius

195 904 300 977 longius
319 907 437 960 dabimus
456 912 504 974 11,
522 911 555 972 3,
573 912 616 962 37.
634 911 694 959 data
710 908 832 979 longiore
849 909 925 961 vita
942 917 968 961 et
987 918 1084 976 temp.
1097 906 1137 962 'ad
1156 926 1232 963 com·

195 975 267 1026 ldttm
285 976 421 1029 securiore
442 982 489 1042 12,
509 981 540 1038 1,
558 980 600 1029 20.
622 996 648 1029 6.
666 979 727 1029 Do.
751 979 834 1031 breve
857 978 935 1029 nobis
953 987 971 1029 t.
990 979 1101 1030 facimus
1120 983 1168 1044 12,
1187 984 1230 1046 11,

195 1045 279 1106 mnia,
308 1062 377 1113 quae
402 1062 498 1116 magna
523 1055 636 1097 6661-
653 1054 672 1097 1.
692 1046 815 1113 aliquod,
842 1064 895 1114 quo
919 1047 1033 1114 primum
1051 1049 1231 1115 efficerentur,

196 1117 430 1178 66612,11,25.
457 1130 513 1166 non
536 1116 618 1166 modo
642 1115 795 1182 proximum
819 1124 840 1165 1.
865 1116 963 1168 intueri
982 1121 1031 1175 12,
1050 1122 1081 1180 2,
1100 1120 1133 1170 31
1150 1120 1185 1169 Ν.
1211 1125 1231 1172 1.

197 1182 279 1235 dirutis
296 1183 434 1249 (66661166)
453 1188 502 1248 11,
519 1186 553 1250 3,
570 1185 612 1237 86.
639 1200 696 1236 nou
717 1186 859 1251 perdamus
882 1185 994 1252 primum
1006 1186 1100 1236 statim
1116 1194 1136 1236 t.
1155 1193 1187 1252 1,
1206 1190 1232 1251 l,

197 1258 205 1303 t
221 1266 277 1305 non
293 1254 378 1305 breve
396 1255 490 1303 saltem
508 1261 538 1317 t.,
557 1253 629 1320 quod
646 1270 777 1320 nusquam
792 1250 852 1306 fer‘e
870 1253 963 1316 deerit,
979 1271 1113 1306 sumamus
1131 1255 1164 1306 ad
1183 1266 1231 1306 616.

198 1358 201 1379 .
218 1324 262 1373 20.
280 1322 325 1373 liic
343 1330 470 1373 tractatur
487 1323 573 1387 locas,
589 1326 739 1390 16166667,
757 1326 784 1388 2,
800 1320 850 1388 44;
877 1336 933 1376 non
951 1324 990 1375 ad
1008 1338 1134 1390 praesens
1150 1325 1232 1376 modo

198 1389 298 1441 letiam
316 1390 350 1443 in
367 1392 487 1442 futurum
505 1393 597 1453 11,’3,
615 1395 656 1442 21.
675 1392 763 1442 661616
780 1405 895 1458 corpore
912 1391 1001 1459 anima
1018 1409 1052 1444 an
1070 1392 1103 1444 sit
1120 1392 1232 1444 immor·
1258 1434 1262 1439 .

201 1461 304 1513 661661
322 1467 426 1526 tempus
444 1458 681 1520 6661666666615,
701 1458 742 1523 14,
762 1462 802 1513 13.
818 1459 842 1513 61
857 1460 956 1529 scripta
972 1459 1007 1513 in
1025 1460 1132 1528 aliquod
1151 1470 1168 1513 1.
1187 1478 1233 1514 66-

198 1535 252 1579 itur
269 1533 317 1595 10,
333 1527 365 1595 4,
382 1533 407 1580 2.
425 1529 493 1579 haec
510 1528 570 1581 fere
587 1529 621 1580 de
638 1529 799 1595 probatione
815 1531 861 1584 vel
879 1530 913 1582 ab
930 1529 990 1583 eliis
1005 1530 1102 1583 tradita
1118 1533 1164 1584 vel
1181 1547 1233 1583 usu

200 1605 239 1662 pta
254 1596 290 1648 in
305 1598 416 1669 hcc't.
436 1597 553 1650 sciebam
570 1595 601 1661 5,
619 1600 667 1662 12,
685 1602 709 1651 1.
734 1596 767 1661 cs.
790 1601 822 1661 7,
839 1602 873 1661 2,
889 1597 932 1650 24.
955 1607 1039 1666 post
1059 1596 1144 1653 breve
1165 1607 1185 1652 t.
1207 1603 1231 1663 1,

200 1669 225 1717 0.
251 1683 311 1718 cum
334 1666 363 1719 in
385 1669 446 1718 loca
470 1666 560 1733 aliqua
580 1674 659 1732 post
683 1675 816 1734 tempus
840 1667 1169 1735 66166616666611,2,
1188 1673 1231 1722 17.

201 1754 248 1788 ar..·
274 1734 368 1787 diurna
385 1744 488 1787 tantum
505 1734 718 1801 computantibus
736 1744 856 1804 tempora
874 1740 922 1799 12,
943 1738 1052 1800 11,19.
1070 1738 1168 1789 causae
1186 1739 1232 1791 de-

201 1838 206 1855 .
224 1804 402 1859 conviciando
420 1813 590 1857 conteremus
607 1807 640 1870 6,
657 1806 690 1869 4,
711 1808 753 1857 13.
780 1807 999 1872 6166666616.
1026 1808 1185 1859 contrahere
1209 1814 1231 1860 1.

202 1872 223 1924 11
238 1875 263 1933 6,
281 1874 308 1940 5,
325 1873 351 1927 4.
368 1881 387 1928 1.
406 1875 438 1925 ab
455 1873 513 1941 ipsa
530 1890 620 1926 rerum
637 1883 731 1926 natura
745 1875 781 1926 ad
800 1873 917 1942 quietam
934 1874 1165 1943 refectionemque
1181 1890 1233 1927 no-

202 1950 233 1993 ι16
254 1942 284 1995 16
303 1942 466 1996 'acerrimum
488 1944 608 1995 laborem
627 1943 808 1996 convertimus
828 1946 875 2006 10,
893 1946 925 2008 3,
943 1945 985 1996 26.
1010 1943 1045 2006 cs.
1068 1947 1118 2009 11,
1135 1946 1168 2005 3,
1186 1948 1232 1996 22.

202 2019 238 2062 itu
262 2027 413 2080 occasuque
435 2012 551 2064 siderum
575 2012 603 2063 in
622 2012 787 2065 declarandis
805 2021 824 2065 t.
842 2020 953 2064 utuntur
971 2016 1001 2074 1,
1018 2011 1052 2070 4,
1071 2010 1096 2063 4.
1114 2020 1235 2079 tempora

203 2089 238 2133 tte
255 2081 355 2153 ingenii
373 2083 486 2148 perdere
504 2087 529 2148 1,
549 2085 574 2143 1,
592 2085 617 2133 1.
636 2081 780 2148 praefinitis
799 2085 842 2145 11,
859 2083 885 2145 3,
903 2083 952 2146 52;
977 2081 1030 2133 nisi
1052 2082 1124 2133 forta
1140 2090 1233 2134 666166

203 2150 281 2202 buum
304 2161 324 2203 1.
350 2152 503 2202 damnamus
529 2151 608 2217 hujus
629 2151 792 2203 infelicitatis
815 2154 865 2213 10,
881 2154 916 2210 2,
933 2152 959 2202 8.
987 2166 1036 2207 cur
1061 2149 1093 2203 G.
1112 2147 1234 2203 Caesaris

204 2236 236 2271 ra
253 2228 307 2271 tam
324 2221 457 2287 patienter
474 2221 599 2272 toleraret
616 2221 643 2282 6,
660 2224 686 2284 3,
705 2224 771 2284 112;
797 2221 831 2270 ad
848 2227 975 2271 nostrat.
995 2223 1021 2285 1,
1041 2222 1082 2281 10,
1102 2221 1145 2272 30.
1163 2217 1235 2273 61666

204 2289 311 2343 onnesia
328 2297 346 2341 t.
367 2294 408 2355 12,
428 2292 469 2351 10,
485 2287 512 2340 4.
532 2289 686 2356 peremnia
704 2298 722 2341 1.
740 2293 766 2354 5,
783 2289 810 2352 9,
826 2290 851 2342 5.
884 2288 913 2353 η)
930 2291 1018 2339 Ablat.
1045 2286 1074 2355 a)
1089 2290 1178 2352 Stag,.·
1197 2305 1233 2341 na

207 2394 216 2422 ,
239 2375 275 2410 ne
298 2367 462 2425 tempore
487 2357 603 2410 alienum
628 2358 768 2423 videatur,
795 2358 867 2424 quod
886 2356 997 2409 dicimus
1014 2357 1046 2421 6,
1063 2360 1098 2421 3,
1116 2359 1159 2409 33.
1178 2372 1234 2409 non

205 2443 227 2479 m
244 2426 315 2480 inter
332 2444 362 2480 se
380 2427 533 2480 distantium
552 2438 671 2494 tempore
695 2437 830 2480 oratorum
849 2430 897 2490 12,
916 2430 963 2490 10,
982 2431 1024 2478 11.
1050 2425 1090 2477 611
1113 2443 1235 2494 quaeque

206 2511 304 2563 emp,
323 2497 360 2548 ita
377 2497 468 2550 iacere
486 2497 566 2549 etiam
583 2497 713 2549 ordine
730 2496 819 2563 priora
835 2497 862 2560 9,
879 2493 905 2561 4,
923 2499 967 2549 25.
986 2494 1136 2548 defervisse
1153 2505 1172 2547 1.
1190 2500 1234 2560 12,

206 2564 310 2617 etiamsi
327 2574 439 2618 aetatem
457 2575 575 2618 nostram
595 2582 650 2618 non
669 2566 782 2634 spatio
801 2564 962 2631 senectutis,
988 2567 1036 2617 sed
1053 2572 1151 2631 temp.
1169 2567 1235 2616 ado-

207 2632 260 2688 tiae
276 2635 417 2688 metiamur
436 2640 483 2696 12,
503 2640 552 2698 11,
573 2639 621 2700 13;
642 2635 723 2688 166116
741 2634 847 2687 dicente
864 2650 908 2686 ax
926 2641 944 2686 t.
962 2634 988 2695 6,
1005 2634 1031 2695 3,
1049 2637 1109 2686 111.
1135 2631 1170 2696 cf.
1193 2637 1235 2696 10,

207 2706 253 2768 11,
268 2706 295 2769 3,
312 2706 356 2759 25.
373 2708 416 2770 12,
434 2707 460 2766 9,
479 2709 520 2758 17.
537 2714 567 2757 61
583 2706 673 2758 omnia
690 2713 763 2761 ext.
782 2711 921 2770 exponant
940 2706 989 2767 12,
1008 2704 1040 2760 8,
1057 2708 1083 2756 7.
1103 2720 1172 2770 6666
1190 2719 1236 2754 ex

208 2772 312 2827 ibantur
329 2774 411 2827 611666
430 2779 478 2837 11,
495 2778 527 2837 2,
545 2776 587 2829 39.
606 2774 641 2834 cs.
658 2778 690 2839 9,
708 2776 741 2836 4,
759 2770 818 2825 114.
836 2781 866 2823 61
883 2771 977 2825 subitis
996 2788 1039 2824 ex
1057 2781 1076 2823 t.
1094 2781 1237 2825 occurrant

208 2881 211 2903 ,
228 2845 270 2895 30.
289 2860 325 2895 ex
342 2852 362 2895 1.
382 2842 502 2896 scribunt
520 2848 568 2910 10,
586 2848 617 2910 3,
635 2850 684 2909 17;
711 2861 744 2895 an
761 2845 815 2895 hoc
832 2851 953 2908 tempore
971 2841 1050 2893 liceat
1068 2857 1147 2912 agere
1164 2845 1190 2905 3,
1207 2843 1236 2910 6,

221 2928 283 2963 eum
299 2911 380 2978 (Cic.)
400 2912 579 2965 Demostheni
598 2929 749 2980 comparem
769 2914 823 2964 hoo
841 2920 860 2964 t.
881 2915 929 2978 10,
948 2914 979 2978 1,
998 2914 1057 2964 105.
1075 2928 1108 2963 66
1125 2919 1162 2974 1.,
1180 2927 1234 2980 quo

209 2980 289 3033 scenti
307 2982 434 3055 judicium
460 2997 588 3034 conamur
611 2981 766 3046 66166664,
785 2981 816 3047 5,
833 2981 859 3033 6.
881 2996 960 3032 nares
985 2997 1017 3032 66
1043 2989 1136 3046 pectus
1162 2989 1236 3035 661.

209 3053 233 3100 iu
251 3050 431 3117 adolescentia)
448 3059 551 3103 tument
569 3055 619 3116 11,
637 3054 670 3116 3,
688 3052 730 3105 29.
750 3052 783 3102 de
801 3048 896 3103 ordina
916 3048 1003 3100 laudis
1020 3059 1067 3100 616.
1086 3049 1236 3116 praecipie-

210 3128 278 3172 161.
295 3122 328 3182 2,
345 3118 379 3184 4,
396 3124 439 3171 21.
456 3121 593 3186 paululum
609 3127 630 3170 1.
647 3128 741 3171 666166
759 3117 912 3184 superiores
929 3117 963 3180 8,
980 3120 1015 3181 3,
1032 3118 1076 3169 25.
1095 3118 1163 3169 duas
1179 3135 1235 3170 uno

210 3188 302 3252 11117,
320 3190 354 3254 Β,
371 3192 397 3242 3.
420 3204 488 3256 quae
505 3187 687 3254 (exercitatio)
705 3188 780 3239 nullo
799 3201 853 3237 non
872 3193 898 3237 el
916 3191 1014 3251 temp.
1033 3194 1059 3236 el
1081 3186 1235 3238 1060611-

211 3262 385 3338 ,potest10,
403 3260 430 3325 7,
448 3258 491 3311 25.
510 3256 583 3310 omni
600 3265 619 3310 t.
637 3257 709 3323 (Sp.
730 3255 820 3306 omnia
837 3253 971 3321 tempora)
990 3255 1047 3306 1666
1065 3262 1157 3321 parata
1173 3263 1236 3307 sunt
1259 3268 1263 3275 ·

211 3334 250 3379 itas
267 3326 423 3397 diligenter,
442 3344 510 3395 quae
528 3326 581 3378 dici
598 3355 633 3364 —
650 3324 753 3394 possint
770 3326 796 3390 6,
813 3322 840 3389 4,
859 3321 893 3374 14
907 3325 943 3374 N.
962 3333 986 3374 61
1004 3327 1031 3374 S·
1049 3331 1107 3376 toto
1125 3322 1182 3388 illo,
1201 3325 1235 3376 de

211 3410 302 3477 tqt10r,
319 3404 338 3448 t.
357 3401 391 3461 1,
412 3403 438 3458 1,
457 3401 499 3449 17.
517 3394 594 3449 brevi
612 3403 631 3447 1.
652 3402 677 3458 1,
695 3396 720 3460 5,
739 3396 781 3445 20.
817 3391 845 3457 1))
864 3398 951 3444 Plan:
970 3408 1031 3444 6666
1048 3390 1236 3446 1666616166-

223 3466 443 3535 luvalescantque
460 3466 625 3533 temporibus
642 3468 692 3529 10,
711 3467 746 3527 2,
765 3465 796 3514 13
810 3464 844 3513 Ν.
870 3463 945 3529 cujus
965 3462 1033 3513 ratio
1051 3472 1151 3514 mutata
1175 3478 1235 3515 cum

213 3534 318 3601 saepius
336 3540 366 3602 1,
385 3537 414 3597 5,
434 3538 475 3589 19.
492 3535 603 3588 remissa
620 3533 744 3602 quibusd.
762 3540 782 3589 1,
802 3530 921 3583 ciborum
940 3539 994 3598 616.
1012 3531 1235 3584 exercitationum

213 3603 366 3656 necessitate
384 3609 427 3666 10,
446 3606 473 3668 5,
491 3605 532 3657 15.
560 3603 632 3674 Quid
648 3604 768 3654 16166666
785 3610 842 3653 6661
859 3609 877 3652 1.
896 3600 957 3660 11116,
978 3602 1045 3668 6666
1063 3601 1121 3653 sine
1139 3618 1236 3654 exem-

213 3683 289 3725 erunt
306 3676 349 3741 10,
367 3679 393 3739 2,
412 3671 437 3725 4.
456 3674 490 3725 iis
507 3681 537 3735 1.,
556 3672 652 3741 quibus
669 3670 744 3724 tastis
764 3687 819 3723 666
836 3678 897 3737 poet
914 3669 1001 3721 finitas
1019 3669 1138 3722 actiones
1153 3685 1238 3741 roga-

213 3742 239 3806 5,
255 3747 282 3804 7,
298 3743 333 3796 25
351 3745 384 3794 Ν.
405 3746 476 3810 quod
495 3758 556 3793 cum
573 3742 608 3795 sit
623 3742 727 3793 iactum
742 3739 785 3793 his
802 3755 909 3807 quoque
927 3749 962 3804 1.,
987 3739 1082 3806 quibus
1100 3738 1186 3791 omnis
1202 3739 1236 3789 ad

213 3828 258 3863 em
274 3811 362 3878 potius
380 3830 459 3880 quam
477 3814 510 3862 ad
529 3811 735 3863 ostentationem
753 3810 961 3875 componebatur
978 3808 1066 3861 oratio
1083 3807 1110 3870 4,
1128 3812 1154 3872 2,
1174 3811 1233 3860 122.

214 3898 218 3930 ι
236 3889 255 3939 t.
272 3883 297 3944 8,
315 3880 341 3946 5,
359 3886 394 3933 2.·
411 3885 454 3948 10,
471 3885 499 3946 7,
518 3882 551 3935 19
570 3899 593 3932 6.
612 3899 700 3948 supro.
724 3878 853 3932 extremis
871 3880 908 3931 1...
922 3878 1011 3930 Crassi
1029 3886 1047 3930 t.
1066 3881 1092 3941 2,
1110 3875 1139 3944 4,
1155 3874 1200 3928 42.

217 4021 242 4067 iu
260 4022 356 4070 ratione
373 4021 489 4069 metrico.-
517 4014 628 4084 σημεῖον
645 4026 748 4085 tempus
766 4024 906 4068 estonum
923 4016 947 4076 9,
964 4014 991 4073 4,
1014 4012 1057 4065 51.
1077 4021 1116 4065 661
1134 4012 1233 4080 quodd.

214 4103 222 4137 a
240 4086 373 4140 divisione
389 4087 537 4140 verboram
553 4089 639 4139 latens
663 4096 682 4139 1.
701 4092 733 4139 11.
752 4088 793 4140 98.
820 4087 928 4154 longam
950 4098 1009 4133 esse
1023 4082 1103 4150 door.
1122 4091 1157 4149 1.,
1175 4083 1236 4134 bra-

215 4155 278 4206 uius
295 4160 327 4210 ib.
344 4154 388 4209 47.
406 4162 472 4207 611.
491 4155 541 4207 1616
558 4157 592 4208 ad
609 4158 663 4208 duo
681 4158 765 4209 relata
782 4156 934 4220 sescuplum
950 4150 1114 4231 1661661116
1134 4152 1235 4233 longae
1261 4172 1263 4178 ·

226 4225 352 4294 syllabae
370 4224 469 4293 aliquid
487 4224 566 4279 etiam
589 4224 671 4279 madii
687 4234 707 4279 1.
725 4225 797 4278 inter
812 4223 935 4287 vocales,
961 4237 1036 4288 quast
1048 4228 1234 4288 intersistatur,
