2596 4866
381 354 549 419 Possessio
570 392 613 405 -
634 352 770 418 Possum
810 342 813 348 ⁴
1094 352 1153 413 671

185 564 190 580 .
210 527 252 582 15.
289 540 359 594 ‹ptaa
377 526 509 579 feminina
529 522 664 601 positione
681 538 784 587 mares,
810 522 924 575 neutrali
943 520 1058 574 feminas
1078 523 1160 591 signi-

191 600 217 659 1,
236 595 264 662 4,
285 594 329 648 24.
367 590 527 665 δμοιολογία
549 623 583 633 -
601 593 672 645 etin
691 592 851 656 sententiis,
878 601 905 642 et
923 592 950 643 iu
969 592 1069 663 liguris,
1086 604 1113 645 et
1134 595 1161 645 in

189 669 238 733 (sic
257 676 317 734 opit.
334 667 430 733 601111,-
450 668 471 716 S
477 685 503 733 p.
522 678 653 730 compos,
669 674 707 713 ter
725 681 772 715 om.
790 661 832 729 in)
850 662 1161 733 longe—ingratissima

217 823 238 881 ll
259 836 315 873 non
332 817 580 885 proprietatis
609 826 650 871 est
669 816 791 886 quaestio
817 818 865 869 sed
887 825 992 883 vtantum
1019 835 1164 882 posses-

185 896 197 957 ',
218 892 244 955 5,
262 893 288 944 3.
325 907 386 942 cum
406 891 465 955 jure
484 890 615 941 bonorum
636 888 771 951 possessio
786 886 874 941 testati
896 892 1040 940 secundnm
1062 892 1186 945 tabulas

185 962 285 1012 idetur
307 960 332 1024 5,
354 958 467 1025 14,15;
496 975 565 1026 quae
591 958 763 1022 (rhetorice),
793 958 856 1007 dum
880 971 963 1019 opere
990 960 1075 1019 cedit,
1110 963 1163 1029 jain

185 1030 315 1083 messione
333 1029 446 1092 depulsa
463 1036 504 1080 est
530 1032 557 1093 2,
585 1032 610 1093 1,
637 1028 662 1080 5.
698 1026 783 1096 magis
809 1027 877 1079 haec
907 1028 1099 1095 (philosophia)
1124 1031 1163 1082 illi

185 1116 191 1151 1
207 1099 382 1163 possessione
400 1114 490 1149 esrum
509 1114 599 1149 rerum
617 1095 701 1148 luisse
721 1099 763 1158 12,
780 1098 807 1159 2,
828 1096 853 1147 5.
889 1096 922 1148 ab
941 1111 1023 1159 opere
1038 1101 1165 1165 pulcher-¹
1249 1149 1254 1155 ,

185 1170 225 1237 jus
243 1176 414 1220 tractatus
444 1176 498 1235 atq.
523 1167 581 1231 ipsa
604 1180 699 1229 poss.
725 1164 905 1230 plenissimam
931 1167 1025 1218 studiis
1052 1168 1164 1237 gratiam

200 1242 244 1303 11,
264 1236 417 1358 ί294191.
443 1256 467 1306 q.
492 1238 688 1305 praedium:
721 1233 888 1304 requirebat,
919 1222 971 1287 1161
999 1245 1089 1289 esseni
1115 1254 1164 1291 eae

185 1309 423 1458 :inss’iii'quibus
463 1386 652 1456 (soloecismis)
683 1387 838 1453 patriam
870 1403 920 1453 pro
943 1388 1165 1453 possessivo
1204 1410 1208 1418 ·

185 1464 202 1515 d
219 1471 313 1514 contra
334 1466 358 1527 1,
378 1462 404 1527 5,
421 1459 465 1513 45.

185 1577 188 1591 ·
223 1563 340 1612 sposs,
361 1548 432 1615 quod
453 1545 620 1611 possidetur,
647 1548 679 1598 ni
700 1546 859 1595 hominem
883 1547 1060 1612 devorari,
1089 1547 1166 1614 cujus

184 1635 230 1670 am
247 1624 421 1672 consumatur
438 1614 559 1685 (tropus)
578 1617 606 1683 8,
624 1614 651 1682 6,
666 1614 702 1669 25
722 1632 781 1682 opp.
800 1622 877 1666 sotor
892 1616 927 1682 (in
945 1616 1166 1669 ‹lectamotionilras

185 1688 298 1752 tneor)
316 1692 342 1754 7,
361 1690 387 1751 1,
406 1686 441 1737 38
457 1686 491 1739 N·

185 1814 189 1835 ι
209 1782 336 1857 dovario,
354 1788 427 1856 quod
441 1785 526 1839 nostri
540 1784 668 1850 possibile
684 1770 837 1841 nominant:
857 1788 1168 1855 qnseutdnravidastur

185 1880 200 1927 ι,
220 1868 311 1913 minen
329 1860 387 1910 sola
411 1866 453 1909 est
469 1859 496 1922 3,
513 1856 540 1923 8,
556 1856 591 1909 25
609 1856 643 1907 N.
731 1890 734 1897 .

206 1946 280 2014 quod
300 1943 454 2008 possidetur
470 1945 497 2008 8,
515 1942 543 2000 6.
571 1941 616 1997 25.
638 1940 703 2011 (pria
728 1940 802 1995 bello
827 1948 924 2006 parts
949 1959 1006 1997 non
1027 1945 1080 1999 nisi
1106 1949 1168 2007 ead.

190 2015 342 2068 deantur
376 2015 401 2074 5,
430 2016 471 2073 10,
494 2011 555 2065 115.
590 2028 642 2063 nec
665 2010 822 2080 qaisquam,
856 2010 902 2078 qui
929 2012 1090 2083 sufficientia
1114 2018 1168 2069 sibi

185 2092 204 2149 t,
227 2086 301 2136 hunc
319 2091 460 2151 quaestum
478 2080 537 2133 sine
556 2080 667 2134 crimina
686 2081 806 2134 sordium
828 2080 925 2133 fecerit
944 2086 985 2147 12,
1004 2090 1030 2147 7,
1048 2086 1073 2139 9.
1111 2102 1169 2139 non

185 2153 302 2206 ssedisse
320 2170 370 2207 nos
390 2153 438 2203 sed
457 2151 537 2203 etiarn
562 2160 684 2203 nostrum
701 2149 853 2223 possedisse
871 2156 897 2213 7,
915 2152 943 2218 5,
962 2156 996 2217 3,
1019 2153 1063 2207 his
1081 2155 1170 2219 poui-

185 2222 255 2291 (ap.
273 2224 430 2286 -demus)
448 2221 567 2288 judicum
585 2220 690 2272 animos
707 2222 735 2287 6,
754 2227 779 2286 1,
799 2222 840 2273 52
852 2225 885 2273 Ζ.

193 2323 224 2377 Si
242 2330 337 2388 potero
364 2321 478 2391 (paeon)
508 2326 535 2389 9,
553 2322 580 2389 4,
602 2322 661 2375 106.
682 2319 714 2387 α)
733 2331 761 2374 tu
784 2320 814 2375 in
836 2340 881 2375 me
906 2320 968 2389 dio,
993 2330 1020 2375 et
1044 2332 1122 2387 potes
1142 2329 1168 2391 9,

185 2408 212 2445 m
228 2393 354 2447 occidere
373 2410 436 2445 erim
455 2409 535 2446 nemo
556 2391 689 2456 potuisset
713 2390 751 2456 (i.
771 2412 794 2455 q.
815 2394 1063 2460 sustinuisset)
1084 2406 1116 2459 1,
1143 2400 1169 2459 2,

186 2462 273 2515 maria
292 2462 407 2515 transire
425 2474 473 2515 etc.
489 2462 608 2514 minores
628 2461 676 2513 sed
695 2462 860 2513 difficiliores
884 2471 954 2513 artes
972 2463 1109 2525 potuerint
1127 2470 1170 2528 12,

185 2548 217 2585 eo
233 2541 264 2585 nt
280 2548 317 2585 ex
334 2540 456 2597 tempora
474 2532 565 2584 dicere
586 2530 700 2598 malit,
721 2534 768 2584 ssd
791 2540 820 2583 ut
839 2531 954 2595 possit
979 2536 1020 2598 10,
1047 2538 1073 2599 7,
1099 2532 1125 2591 4,
1146 2552 1169 2585 o.

185 2610 385 2671 osseantem,
402 2601 521 2654 maxime
544 2601 566 2653 si
591 2600 696 2668 volit,
722 2601 852 2666 optimum
876 2618 1008 2668 quemque
1036 2606 1062 2669 2,
1089 2606 1116 2667 3,
1143 2604 1170 2654 5.

185 2670 346 2736 inpotui,
374 2666 462 2723 ac'ne
480 2670 584 2723 debui
603 2670 711 2738 quidem
736 2674 763 2737 6,
786 2676 811 2735 2,
837 2676 851 2722 1
879 2690 903 2722 a.
928 2672 1061 2724 Debeo.
1098 2674 1171 2739 ‹ptod

185 2738 234 2792 trio
253 2749 411 2793 accusatore
426 2748 453 2793 et
470 2741 573 2810 legibus
591 2749 686 2810 agente
704 2743 832 2802 prodesse
854 2757 1022 2808 nunquam
1041 2750 1172 2807 potest,

185 2808 261 2861 stiois
291 2810 530 2873 disceptationibus
555 2819 680 2873 potest
703 2814 729 2875 7,
754 2808 781 2876 4,
805 2813 830 2864 9.
860 2810 1030 2873 philosophia
1054 2810 1171 2863 siruulnri

206 2880 360 2947 eloquentia
380 2894 450 2931 non
464 2888 586 2943 potest
604 2884 645 2945 12,
664 2884 690 2945 3,
711 2884 754 2936 12.
774 2879 809 2943 cs.
828 2882 871 2946 10,
889 2882 915 2945 5,
934 2886 956 2932 71
979 2898 1002 2932 o.
1027 2881 1112 2933 Non.
1139 2882 1173 2948 li)

185 2950 257 3017 quod
275 2965 359 3020 genus
380 2949 471 3001 chriae
488 2948 577 3003 videri
594 2959 683 3012 potest
702 2952 729 3014 2,
752 2947 779 3015 4,
803 2950 847 3002 26.
879 2950 912 3012 os.
941 2953 984 3013 11,
1015 2954 1039 3012 1,
1063 2948 1090 3001 4.
1125 2952 1173 3003 list

185 3032 245 3083 ons,
264 3018 310 3085 qui
328 3017 443 3070 minus
464 3020 623 3085 exprobrat,
667 3036 741 3070 narn
767 3028 889 3086 potest
906 3020 934 3084 6,
954 3021 979 3082 3,
999 3016 1040 3071 94.
1062 3036 1174 3087 compn-

185 3102 193 3139 1
210 3086 305 3140 odiosa
325 3103 459 3140 essenon
478 3088 577 3156 poterit
596 3089 624 3149 9,
642 3037 669 3153 1,
688 3092 747 3140 137.
784 3088 887 3141 etiamsi
912 3089 1014 3139 habers
1040 3098 1128 3154 potest
1145 3094 1172 3154 2,

185 3172 238 3209 tare
255 3166 345 3225 potest
362 3166 389 3208 et
403 3156 495 3211 coisse
515 3173 575 3207 oum
593 3156 654 3209 viro
673 3161 699 3221 5,
718 3160 746 3221 9,
765 3162 790 3210 7.
809 3175 873 3209 num
891 3156 1019 3208 infirmari
1037 3157 1065 3208 in
1086 3159 1175 3227 aliqua

185 3226 295 3293 :possit
314 3232 341 3293 7,
361 3230 387 3292 1,
404 3224 448 3280 49.
483 3242 552 3292 quae
570 3240 637 3277 non
655 3234 714 3279 tuto
737 3226 791 3279 dici
815 3235 928 3294 possunt
954 3228 988 3290 8,
1014 3229 1046 3292 3,
1072 3232 1115 3281 37.
1140 3246 1175 3281 na

185 3294 262 3349 torsit
279 3312 336 3349 non
351 3294 504 3367 intelligere
522 3296 549 3359 6,
567 3300 594 3356 2,
619 3295 664 3347 24.
699 3296 762 3350 adv.
792 3296 945 3348 desertores
971 3294 1069 3363 scripta
1098 3296 1175 3365 ttrx)

185 3373 225 3431 11,
251 3364 304 3419 nisi
323 3365 449 3433 optione,
468 3363 589 3418 subverti
610 3368 636 3427 7,
654 3370 681 3430 7,
701 3366 727 3419 6.
761 3380 851 3418 sarmo
870 3365 935 3436 fingi
956 3382 1012 3418 non
1029 3376 1129 3433 potest,
1146 3378 1177 3420 ut

185 3437 233 3501 ,9,
257 3438 291 3501 2,
307 3438 370 3499 Ι325
405 3434 565 3487 scholastica
584 3434 713 3501 materia,
739 3436 787 3487 sed
814 3451 886 3499 non,
913 3452 985 3507 quse
1013 3452 1068 3487 non
1091 3437 1176 3505 possit

188 3506 233 3569 11,
252 3507 278 3568 1,
295 3506 339 3558 82.
360 3507 442 3555 mults
462 3506 512 3568 iam
530 3504 613 3557 video
633 3521 714 3573 possa
731 3503 843 3557 evenire
863 3510 904 3571 12,
928 3512 952 3569 1,
971 3507 1013 3559 39.
1037 3524 1081 3571 ne,
1103 3508 1177 3575 quod

185 3581 320 3641 sponset,
350 3574 537 3647 aggrediamur
556 3578 582 3640 6,
604 3578 629 3640 5,
653 3580 680 3627 2.
716 3575 801 3642 idque
826 3576 884 3627 fieri
907 3592 963 3629 non
986 3577 1072 3643 potuit
1097 3578 1124 3643 9,
1149 3583 1177 3643 2,

185 3658 204 3695 o
222 3641 295 3695 enim
312 3643 371 3697 lieri
388 3653 444 3712 pot.
465 3670 515 3708 -,
539 3644 636 3697 sinon
655 3649 824 3710 etc.12,10,
850 3644 894 3698 46.
930 3646 953 3697 si
980 3646 1008 3697 id
1032 3646 1090 3697 lieri
1118 3656 1180 3713 pot:

185 3748 199 3765 ..
217 3708 291 3765 idem
307 3712 367 3767 liori
383 3730 439 3767 non
456 3712 586 3767 inutiliter
603 3724 674 3781 pot.
693 3734 752 3782 opp.
770 3714 829 3767 fieri
847 3714 1038 3782 oportebit
1061 3715 1088 3780 4,
1114 3720 1142 3780 3,
1160 3720 1177 3768 7

200 3776 232 3849 γ)
250 3802 273 3833 o.
291 3786 432 3851 emphasi.=
457 3783 531 3848 Dio,
561 3784 690 3851 numquid
710 3774 841 3852 potestis
869 3786 954 3838 Sexto
981 3784 1082 3837 Annali
1105 3788 1132 3850 6,
1151 3789 1177 3849 3,

187 3850 249 3903 edla
266 3848 377 3919 primis,
400 3860 427 3907 at
447 3870 550 3905 summa
568 3854 665 3906 inediis
684 3856 939 3921 accommodentur,
967 3864 993 3907 et
1016 3870 1178 3922 quocunque

186 3922 353 3974 commodari
375 3930 463 3990 potest
480 3922 528 3990 (·a.
546 3930 563 3976 1.
582 3928 723 3991 poterunt]-
742 3927 769 3987 9,
794 3930 820 3991 3,
845 3926 887 3979 76.
913 3942 947 3977 ne
971 3924 1043 3976 dicet
1068 3922 1177 3991 quidem

185 3988 275 4043 otiam
291 3991 393 4057 poterit
408 3992 435 4057 63
454 3994 481 4059 3,
499 3996 544 4045 30.
561 4008 585 4045 c.
606 3993 790 4063 tgiuotiens.
827 3994 964 4062 Optimum
987 4001 1044 4046 erat
1064 4008 1177 4063 negare:

185 4058 254 4127 ssi)
277 4076 332 4113 non
349 4068 454 4129 potest,
479 4058 580 4115 occidit
598 4078 664 4133 ergo
681 4069 708 4125 7,
728 4068 753 4130 1,
771 4062 807 4117 34
830 4067 865 4122 Ν.
902 4064 924 4116 si
948 4078 1089 4130 possumus
1107 4061 1178 4133 7,,4,

185 4124 245 4189 idas
265 4128 352 4213 argo?
376 4130 400 4183 si
419 4130 900 4201 1011109291.1111111111111111,
932 4149 987 4201 quo
1015 4130 1042 4181 in
1069 4148 1178 4199 qnoque

185 4206 254 4267 aa,
277 4214 303 4259 tt
318 4200 421 4269 potuit,
447 4216 525 4255 suan
541 4202 634 4255 lacere
653 4206 696 4269 10,
714 4207 743 4268 2,
761 4206 806 4255 26.
842 4212 886 4255 aut
912 4202 1017 4265 satis,
1040 4207 1087 4252 ant
1103 4210 1178 4255 certa

185 4266 298 4357 ψη
315 4272 361 4337 10,
371 4274 406 4337 1,
422 4266 450 4323 4.
483 4278 515 4323 ut
530 4270 632 4339 optimo
648 4288 790 4341 possumus
807 4271 850 4339 (a.
870 4279 887 4326 1.
899 4267 1054 4340 possimus)
1072 4274 1116 4341 12,
1133 4275 1176 4338 10,

189 4402 231 4427 '¹'-
262 4406 288 4431 'd'

185 4442 332 4501 ..11,

185 4534 294 4607 ''fifh--
323 4520 334 4545 ³
364 4562 369 4585 ,
