2596 4866
447 588 488 689 de
511 622 726 688 Grammatico
748 616 977 697 Quintilianea.
1237 628 1251 679 1

173 798 261 881 tntis
293 804 429 873 haee:
470 818 513 887 2,
547 809 590 886 4,
620 815 670 867 20
710 792 807 867 Inde
837 792 1035 893 pntcletim
1069 792 1124 865 mi
1145 795 1251 893 mnjo

173 922 301 995 estere
320 918 548 1018 incipiet,
575 915 738 989 lorido-re
752 915 878 987 cleros
896 915 1000 987 ciros
1024 927 1064 987 et
1083 914 1251 1013 m'tnpero

173 1038 340 1141 mprobos.
365 1063 425 1130 10,
446 1064 481 1133 7,
504 1062 518 1107 1
539 1062 590 1109 eto
609 1049 775 1136 tempore
797 1034 951 1109 dt'cendi
963 1036 1166 1134 focrtltos:
1192 1062 1251 1135 qm

173 1162 222 1235 mi
230 1186 297 1235 non
315 1160 397 1235 erit
407 1170 649 1249 consecutus,
670 1184 755 1231 meo
769 1158 919 1257 qut-'dem
931 1157 1118 1259 repetentia
1132 1156 1251 1229 cim'lti

173 1283 284 1385 fictis
311 1278 639 1356 renuntiabit.
677 1300 742 1372 12,
767 1301 811 1373 9,
837 1283 861 1350 6
886 1280 1023 1375 Erizem
1047 1292 1173 1353 tomen
1202 1277 1251 1351 Im

175 1404 422 1480 roestobit
450 1414 614 1493 orator,
652 1412 702 1475 nt
726 1400 908 1474 m'deotnr
936 1402 1118 1500 optimam
1145 1427 1251 1475 eorem

173 1529 277 1601 ottme
291 1526 424 1623 egisse.
454 1547 514 1614 12,
534 1517 658 1616 10,37
676 1521 761 1594 Non
778 1534 904 1595 tomen
919 1522 999 1597 olto
1015 1548 1160 1624 semper
1169 1527 1207 1620 f
1209 1548 1251 1595 er

173 1676 260 1744 ·nr;
285 1644 562 1721 remeetlitoro
575 1643 731 1716 interim
749 1645 990 1742 sequendo
1011 1670 1095 1720 snn
1105 1659 1132 1741 t,
1159 1666 1201 1718 et
1216 1648 1251 1717 al

173 1771 247 1845 cis.
298 1769 383 1859 (Cf.
409 1766 492 1838 Cic.
515 1762 645 1841 Acad.
663 1766 722 1857 11,
757 1762 826 1859 30,
855 1765 904 1862 98
930 1765 978 1837 Si
994 1780 1097 1841 reete
1122 1767 1251 1841 conclu

173 1918 269 1967 neo:
293 1890 356 1963 sin
369 1888 522 1977 citiore,
548 1886 691 1958 minem
706 1887 897 1983 Diogenes
917 1889 1096 1963 reddet.
1145 1892 1212 1963 De
1238 1914 1251 1961 s

173 2018 283 2087 inda
308 2012 346 2083 F
346 2008 456 2083 nturi
483 2032 658 2106 persona
685 2033 761 2108 pro
790 2006 1037 2109 Inperativo
1057 2036 1096 2087 v.
1121 2011 1251 2110 Zump

173 2126 465 2207 namneticam·
477 2130 571 2201 Lat.
588 2126 615 2225 ᾗ.
634 2124 744 2223 586.)
791 2128 913 2203 Adde
935 2136 972 2223 i,
997 2154 1034 2225 2,
1061 2157 1101 2223 11¹
1109 2132 1251 2227 7'(ee-ri

173 2254 213 2339 ic
238 2232 421 2349 expresso
439 2272 577 2323 -esse
609 2248 853 2341 debebunt,
889 2249 963 2323 ubi
990 2252 1207 2327 suffecerat
1232 2256 1251 2328 α’

174 2384 271 2459 ent,·
302 2372 428 2443 altero
453 2394 546 2445 vero
568 2369 665 2455 huic
690 2368 805 2443 simili
833 2372 929 2443 loco
956 2376 1000 2464 lt,
1028 2370 1071 2465 ὅ,
1096 2399 1153 2468 17.
1176 2374 1251 2448 edit

173 2490 396 2593 {umptiana
409 2504 536 2590 potest
548 2519 624 2592 pro
631 2494 782 2594 poterit
793 2489 978 2566 restituit.
1026 2492 1217 2568 Secunda
1235 2522 1251 2569 r

173 2598 256 2689 one
269 2611 584 2715 prnParticipio
602 2616 696 2691 Fut.
712 2618 817 2721 Pass.
833 2620 957 2689 haec:
983 2632 1027 2709 4,
1050 2611 1093 2708 5,
1126 2616 1196 2688 108
1218 2616 1251 2690 A

173 2733 547 2826 nmentnbimnr,
579 2748 625 2810 nt
651 2738 754 2829 de’xi,
785 2762 999 2836 rinnqnom:
1029 2750 1251 2836 nrgmnentn

173 2881 369 2935 onemno
395 2856 617 2957 olr'qnondo.
638 2900 691 2915 -
718 2858 748 2931 Ι
750 2884 992 2933 noeremns
1014 2861 1246 2960 expositioni

173 3008 307 3071 ’eoem
332 3005 421 3054 cnm
434 3004 499 3053 res
504 2993 655 3080 poscet,
680 2982 938 3078 defensionem
954 2994 997 3057 et
1015 2984 1206 3057 rationem
1221 2988 1251 3079 j

173 3128 329 3179 erornm.
382 3102 658 3177 continuatur
678 3102 825 3176 deinde
847 3104 870 3202 §.
889 3125 971 3199 109.
994 3104 1143 3179 oratio:
1168 3104 1250 3204 Neq

173 3204 556 3299 iiinrtorrondnm
578 3237 848 3325 esttnnqnom
861 3226 959 3301 testi.
1000 3229 1127 3301 Porro
1142 3219 1178 3320 5,
1200 3224 1251 3319 15,

173 3346 268 3421 bine
294 3346 439 3420 ernnt?
471 3346 597 3421 molto
618 3348 662 3421 in
685 3372 747 3420 eos
768 3348 896 3421 dicere
917 3349 1017 3424 licet.
1086 3346 1251 3453 Chirogn

173 3462 282 3539 mm?
309 3467 357 3541 de
371 3467 624 3544 similitudine
646 3466 869 3543 litterornm
893 3471 1202 3561 disseremns,
1225 3496 1251 3543 u

173 3584 263 3663 oulti
279 3587 449 3662 Codices
478 3590 645 3665 secundi
673 3589 843 3685 ordinis,
879 3616 929 3665 ex
944 3586 1035 3692 ¹quo
1059 3590 1251 3693 corrigen·

173 3732 309 3783 tanum
332 3735 547 3811 agnosces,
579 3717 681 3785 dant
705 3714 965 3787 disserendum
987 3716 1053 3794 es't.
1110 3714 1210 3787 Ibid.
1241 3738 1251 3783 1

173 3828 285 3929 'toque
305 3832 522 3931 propositio
550 3860 695 3937 quoqne
723 3837 930 3911 secundnm
963 3834 1061 3933 imno
1087 3835 1251 3911 utilitate

177 3954 592 4030 ceommodnbitnr.

215 4072 330 4147 Tum
355 4072 401 4147 in
432 4074 638 4151 sententiis
659 4074 852 4177 obliquis,
886 4075 969 4153 sive
990 4074 1205 4152 indirectas
1231 4102 1251 4151 e

173 4190 274 4269 icere
305 4194 458 4289 mavis,
503 4199 706 4272 Futurum
744 4196 788 4269 in
822 4196 1005 4272 membris
1041 4196 1251 4299 interposit

173 4336 249 4409 [nae
266 4340 320 4389 ex
332 4317 578 4392 Pronomine
597 4340 670 4392 aut
683 4317 893 4394 Adverbio
911 4318 1085 4397 relativo
1100 4322 1251 4420 pende1

173 4430 406 4536 lonjunctivi
426 4442 521 4513 loco
540 4439 717 4541 positum
742 4462 818 4535 est,
844 4440 928 4521 'sive
944 4444 1125 4523 Verbum
1147 4438 1251 4539 prim
