2596 4866
401 1358 923 1477 PRAEFATIO

287 1610 409 1691 su
483 1554 1030 1686 uscrosss

185 2078 239 2153 od
264 2070 455 2178 promissa
484 2066 634 2145 abhinc
662 2064 950 2171 quinquennio
974 2086 1088 2149 sexta
1114 2088 1160 2147 et
1177 2072 1243 2149 ul.

186 2256 201 2296 ,
232 2223 340 2301 quae
362 2191 554 2270 Lexicon
577 2190 779 2284 continet,
811 2216 906 2294 pars
927 2190 1246 2296 Spaldingianae

185 2322 267 2399 onis
295 2313 562 2418 Quintiliani,
604 2311 687 2413 jam
715 2316 792 2389 sub
816 2313 940 2390 finem
966 2312 1246 2392 antecedentis

186 2446 207 2520 ‚i
233 2444 476 2529 inchoatae,
500 2458 615 2509 nunc
643 2438 806 2510 demum
832 2434 1048 2530 emittitur,
1077 2461 1245 2511 excusa-

202 2586 342 2655 ‚certe,
369 2557 443 2661 qui
456 2560 618 2631 malunt
633 2579 844 2633 cumcurn
860 2576 902 2631 et
916 2557 1075 2652 labore,
1102 2560 1245 2659 quoad

186 2672 349 2765 insanae
370 2676 594 2755 industriae
612 2677 852 2782 contingere
867 2698 1020 2780 potest,
1044 2674 1247 2780 perfectis,

187 2841 203 2886 ι
216 2800 417 2884 festinatis
433 2822 476 2876 et
489 2802 605 2879 velut
619 2797 885 2900 praecocibus
898 2796 961 2874 uti
974 2798 1094 2875 libris.
1113 2796 1247 2879 Velim

187 2939 291 3022 lem,
318 2947 367 3000 ut
387 2918 451 3016 id,
478 2927 593 3024 quod
616 2918 828 3023 Philippus
847 2910 1126 2996 Buttmannus'
1151 2918 1249 2993 olim

188 3052 286 3129 ‚1v.
314 3045 446 3122 Praef.
473 3069 514 3145 p.
532 3043 644 3141 VII.)
680 3046 732 3117 de
757 3039 905 3142 quinto
932 3039 1142 3119 volumine
1166 3065 1247 3117 nec

188 3200 225 3250 ra
242 3186 487 3273 optaverat,
512 3164 619 3238 idem
637 3167 787 3239 dehoc
806 3184 921 3239 sexto
939 3166 1246 3265 quodammodo

188 3296 210 3368 [t
235 3286 483 3395 praedicari,
524 3287 754 3389 perfectum
790 3308 873 3358 esse
906 3308 1008 3361 cura
1045 3284 1173 3391 digua
1204 3304 1247 3360 et

194 3416 336 3490 tiliano
374 3431 418 3483 et
446 3404 695 3511 Spaldingio.
765 3406 1102 3483 Demandaverat
1138 3404 1248 3481 enim

192 3537 442 3643 jamdudum
464 3530 505 3603 G.
521 3529 699 3622 Timotlt
714 3526 948 3628 Zumptius,
975 3553 1061 3629 quo
1083 3525 1246 3631 egregio

205 3674 482 3762 praeceptore
500 3671 622 3725 antea
638 3675 741 3743 meo,
769 3650 821 3722 ab
840 3647 911 3722 illo
927 3670 1111 3750 tempore
1128 3646 1247 3722 fami-

190 3808 214 3856 ω
252 3784 316 3853 uti
348 3772 450 3849 mihi
483 3770 675 3875 contigit,
718 3795 848 3872 quum
884 3768 969 3872 ipse
1003 3771 1187 3857 relictam
1221 3795 1248 3843 a

190 3925 340 3977 manno
375 3893 506 3995 operis
533 3915 693 3995 partem
721 3891 979 3993 suscepisset,
1024 3916 1173 3992 meque
1203 3886 1248 3963 in

191 4028 305 4099 enda
327 4038 371 4093 et
393 4020 680 4115 componenda
701 4013 919 4118 largissima
943 4014 1141 4089 Codicum
1161 4036 1248 4087 rna-

191 4145 389 4247 :iptorum
403 4162 516 4237 penu
530 4134 757 4239 adjutorem
773 4134 1021 4231 adscivisset,
1038 4128 1250 4238 negotium
