2596 4866
553 260 727 332 Praelatio.
920 282 936 317 ι’
1134 210 1139 217 ·
1174 270 1244 329 xlll

175 430 235 537 rgii
250 454 288 509 et
298 435 465 539 Zumptii
478 460 658 537 operam,
680 431 921 537 quinetiam
938 432 1088 533 judicio
1104 441 1242 540 palam

175 555 391 631 animando
447 563 500 631 de
538 554 837 658 Supplemcntis
867 557 1121 656 Zumptianis
1163 560 1242 638 viri

175 672 234 749 teti
258 677 533 773 abstinuerunt,
573 701 711 778 neque
751 674 935 751 editioni.
956 678 1241 779 Zumptianae,

175 794 369 902 uichgelii
394 798 622 901 sumptibus
651 797 817 897 Lipsiae
850 822 886 872 a.
925 802 1033 874 1851.
1067 798 1242 895 emissae,

175 938 256 1011 αμα
271 920 479 1022 meipsum
503 945 664 1013 censor,
690 917 764 992 nisi
789 942 897 992 unus
919 920 972 995 T.
998 920 1174 996 Baden
1197 922 1242 997 in

175 1037 445 1126 ttilAnnalibus
466 1038 725 1143 Philologicis
750 1058 790 1113 et
804 1038 1094 1145 Paedagogicis
1115 1044 1185 1137 VI,
1207 1047 1242 1117 4.

175 1156 244 1263 tigit.
287 1161 476 1238 Omnium
498 1188 597 1240 vero
622 1159 841 1235 duodecim
873 1161 1068 1236 librorum
1098 1187 1241 1238 recen-

175 1304 238 1355 tem
261 1284 430 1385 suscepit
450 1284 574 1385 Aug.
593 1283 760 1356 Gotth.
781 1282 1067 1389 Gernhard,
1099 1283 1164 1361 vir
1188 1289 1242 1359 de

175 1402 337 1479 nmatica
359 1404 517 1479 Latina
546 1406 651 1477 bene
673 1402 855 1498 meritus,
885 1425 1091 1505 notasque
1111 1405 1239 1481 maxi-

175 1542 350 1622 npartem
366 1506 540 1619 criticas,
556 1546 597 1599 et
610 1510 737 1624 paulo
754 1545 848 1625 post
868 1525 1068 1617 libellum,
1100 1525 1239 1601 Corri-

175 1648 216 1720 la
238 1644 498 1721 etAddenda
520 1668 571 1719 ex
586 1646 765 1747 Zumptii
780 1646 1079 1748 Supplementis
1103 1645 1237 1720 conti·

175 1792 257 1859 ern,
282 1765 446 1866 adjecit,
472 1765 639 1866 Lipsiae
660 1773 755 1842 1850
773 1768 998 1869 sumptibus
1014 1766 1236 1843 Teubneri.

175 1888 452 1963 emendandam
491 1893 602 1961 hanc
643 1887 864 1963 editionem
901 1914 976 1963 nos
1014 1888 1238 1991 praecipue

175 2001 411 2079 lesceutibus
434 2032 653 2100 censemus,
678 2027 763 2080 tam
793 2009 1239 2113 propter„elegantia1n

175 2148 245 2201 nae
257 2149 374 2224 quam
387 2140 554 2230 propter
576 2126 878 2222 annotationes,
903 2128 1124 2227 exquibus
1145 2128 1238 2202 satis

175 2270 211 2323 ta
231 2251 287 2321 ad
302 2248 434 2323 studia
455 2274 532 2323 sua
554 2247 792 2351 adjuvanda
812 2253 1049 2349 depromere
1072 2248 1239 2350 possint,

175 2374 250 2447 ado
270 2368 571 2445 Addendorum
609 2395 729 2470 opem
758 2369 976 2473 diligenter
1004 2370 1237 2447 adhibeant.

175 2518 242 2568 ero
266 2488 500 2592 diligentius
517 2493 837 2571 elaboraverunt
858 2490 970 2565 docti
990 2491 1172 2566 homines
1194 2489 1236 2564 in

175 2640 224 2690 so
258 2613 386 2697 libro,
412 2636 536 2710 quem
570 2611 652 2713 jam
682 2634 779 2688 ante
801 2614 1007 2689 Volumen
1030 2612 1093 2704 V,
1127 2635 1237 2684 com-

175 2734 270 2812 ario
312 2730 631 2831 locupletissimo
674 2752 715 2807 et
762 2732 950 2833 quinque
986 2729 1236 2806 Excursibus

175 2884 234 2932 ue
242 2852 550 2929 Additamentis
566 2852 819 2946 instructum,
838 2855 881 2927 C.
893 2856 942 2927 H.
963 2855 999 2927 F
1006 2855 1236 2927 rotsche-

175 2980 212 3053 'u1
228 2974 347 3051 libris
362 2994 548 3047 veterum
564 2975 729 3048 edendis
745 3000 852 3049 unus
869 2973 1050 3050 omnium
1065 2972 1238 3046 maxime

175 3126 203 3175 o
222 3115 430 3186 versatus,
440 3118 533 3168 cum
544 3094 709 3170 civitate
718 3094 895 3169 literaria
909 3093 1239 3170 communicave-

175 3214 352 3317 Recepit
375 3212 443 3286 ille
463 3214 688 3319 Spaldingii
703 3237 822 3290 notas
838 3218 1033 3321 integras,
1058 3212 1240 3311 aliasque

175 3334 374 3440 sadjecit,
392 3336 528 3435 lapsus
552 3356 690 3409 tamen
713 3357 773 3410 est
793 3336 958 3436 judicio,
981 3338 1097 3440 quod
1113 3330 1239 3409 Turi·

175 3464 207 3555 s,
228 3487 283 3535 ex
301 3455 553 3557 optimorum
571 3483 740 3530 numero
758 3463 827 3533 sed
842 3458 1007 3533 mirifice
1023 3450 1240 3557 depravati

175 3583 240 3676 cis,
257 3576 550 3654 auctoritatem
566 3575 682 3651 nimis
702 3577 907 3654 interdum
923 3577 1106 3683 religiose
1124 3570 1240 3650 secu'·

175 3726 226 3779 st.
284 3703 505 3774 Praeterea
530 3697 574 3771 in
595 3698 879 3775 Germanicam
901 3700 1084 3804 linguam
1107 3719 1240 3773 trans-

175 3879 180 3911 ,
237 3817 352 3896 notis
401 3839 495 3919 post
551 3817 780 3896 versionem
829 3821 993 3917 additis,
1039 3818 1242 3893 decimum

176 3970 216 4017 m
233 3943 344 4016 Chr.
362 3938 753 4044 Gottl.Herzog,
781 3942 941 4044 Lipsiae
965 3945 1078 4039 1829,
1104 3960 1240 4036 eoque

189 4063 350 4140 tirones
367 4086 459 4135 cum
475 4059 614 4162 aliquo
631 4086 705 4137 suo
727 4065 867 4140 fructu
882 4084 1065 4156 utentur,
1086 4055 1243 4161 judicio

947 4190 970 4237 s
985 4187 1006 4231 s
