2596 4866
441 602 541 673 Diluo
573 646 611 659 -
639 608 755 697 Dirige
1118 628 1177 703 241

173 778 309 833 nuntiatio
333 782 368 832 u.
397 780 441 833 33.
467 777 515 832 dil.
539 780 824 848 111111.5,14,33.
853 798 978 839 sermone
994 802 1082 855 puro
1099 796 1180 859 etque

173 852 209 904 1ο
227 853 271 915 11,
291 855 317 917 1,
333 851 377 903 53.
404 848 522 903 dilucido
540 848 644 919 (verda)
663 853 690 919 8,
709 853 753 906 Pr.
771 852 815 906 26.
1030 866 1033 871 ·

178 934 269 1007 egenti
295 941 344 987 est·
361 934 572 1003 dispiciendum,
595 936 660 1006 quid
680 952 787 1007 qnoque
803 939 866 991 loco
887 939 970 992 diluet
987 946 1021 1007 7,
1042 945 1073 1007 l,
1091 942 1117 997 9.
1143 960 1180 997 ne

173 1008 187 1057 d
206 1020 263 1058 non
282 1003 372 1058 stetim
388 1006 536 1073 diluemus,
562 1006 659 1059 timere
674 1006 815 1061 videamur
832 1012 865 1060 id.
892 1014 934 1062 11.
960 1006 1179 1067 co‘nlirmere

186 1072 362 1139 defensione,
388 1076 461 1143 ‹ptod
488 1076 688 1129 diluendum
710 1084 751 1128 est
770 1078 803 1143 9,
821 1080 856 1143 2,
877 1079 920 1131 80.
951 1096 1048 1131 caussae
1065 1079 1177 1136 crimine

173 1147 201 1196 sd
221 1143 377 1195 diluendum
397 1144 429 1211 4,
449 1148 480 1208 2,
498 1146 554 1199 26.’
574 1144 686 1197 crinrinn
708 1144 847 1199 diluere
872 1156 918 1199 utut
942 1164 1076 1219 negare
1098 1152 1131 1215 9,
1148 1156 1176 1219 2,

173 1214 240 1265 nine
263 1210 422 1279 objicere
443 1214 491 1267 vel
515 1212 658 1267 diluere
682 1217 778 1279 7,10,
799 1218 839 1267 12.
865 1212 898 1278 cs.
917 1216 948 1280 4,
966 1218 999 1281 5,
1017 1222 1043 1269 11.
1068 1220 1176 1285 objecta

173 1322 178 1347 ,
194 1286 222 1349 2,
238 1282 283 1333 26.
305 1284 331 1346 9,
350 1286 377 1347 2,
394 1284 437 1336 93.
457 1291 565 1349 praeter
582 1299 652 1349 spine
669 1282 811 1351 (themata)
829 1282 899 1336 nihil
916 1292 957 1337 est
976 1287 1131 1340 diluendum
1147 1288 1175 1357 4,

173 1352 258 1405 illinet
277 1365 372 1403 eorum
388 1349 551 1420 (affectuum)
571 1353 655 1405 diluet
670 1350 745 1406 vites
765 1355 807 1418 11,
825 1356 850 1419 1,
869 1354 912 1405 52.
1009 1354 1012 1359 ’

173 1441 200 1483 0.
234 1435 324 1500 omnis
349 1444 537 1490 structura
561 1455 592 1491 sc
613 1437 690 1489 dim.
709 1445 736 1490 et
754 1436 935 1505 copulatio
952 1452 1052 1493 vocum
1070 1449 1175 1495 constat

173 1502 234 1559 reris
251 1514 296 1557 1111
312 1502 439 1571 μέτροις,
456 1506 485 1559 id
504 1516 561 1571 est,
580 1506 748 1560 dimensione
765 1508 878 1575 quodam
897 1509 925 1573 9,
941 1505 969 1574 l,
988 1506 1033 1561 45.
1048 1508 1078 1561 in
1098 1527 1174 1563 corn·

173 1592 188 1629 e
210 1572 344 1627 cretionis·
360 1574 460 1628 certior
484 1584 511 1627 et
527 1594 570 1627 nm
590 1576 612 1628 is
638 1575 761 1629 omnibus
779 1585 871 1644 operte
888 1576 993 1630 servari
1010 1578 1091 1631 debet
1107 1580 1171 1633 dim.

173 1644 197 1697 in
212 1642 381 1696 dimensione
398 1645 497 1710 pedum
514 1649 548 1698 11.
569 1593 604 1699 di
622 1645 686 1699 dim.
704 1662 835 1699 versuum
852 1648 887 1696 id.
905 1644 948 1698 48.

173 1734 192 1775 l·
239 1729 302 1781 dnm
327 1727 439 1783 invente
462 1728 635 1783 dimetiuntur
659 1733 690 1797 8,
713 1730 758 1783 Pr.
778 1734 822 1784 27.
845 1731 974 1782 mundum
993 1728 1111 1784 dimetiri
1129 1736 1172 1800 12,

179 1796 410 1851 dimetiendis
427 1800 539 1867 pedibus
559 1817 590 1852 ac
612 1799 873 1867 perpendendis
892 1796 1005 1869 syllabis
1021 1801 1049 1869 9,
1063 1800 1172 1869 4,112;

179 1869 260 1935 pedes
275 1868 362 1922 verbu
378 1866 539 1921 dimensa
557 1878 619 1921 sunt
635 1871 662 1934 9,
681 1867 708 1935 4,
727 1872 772 1921 27.

173 1937 206 1999 til·
251 1951 397 2021 asperrime
423 1953 451 2004 in
468 1954 518 2006 huc
535 1962 611 2021 perte
631 1954 720 2007 dimic.
740 1954 829 2022 1116,
848 1952 876 2020 4,
894 1950 922 2006 4.
947 1966 1023 2005 cum
1045 1970 1174 2022 praesen-

173 2022 265 2145 ἔπηξε)
285 2022 384 2095 ingens
401 2021 490 2077 dnnic.
507 2030 548 2076 est
565 2026 592 2091 5,
609 2028 636 2091 7,
655 2027 681 2129 3.Ι
698 2024 746 2078 ubi
758 2038 804 2105 res
823 2024 930 2097 egitur,
953 2030 981 2076 et
998 2038 1066 2075 vere
1082 2022 1172 2076 dimic.

173 2127 217 2219 nir.
255 2174 314 2229 din.
334 2192 370 2230 ex
396 2192 444 2245 eo,
467 2176 541 2247 quod
561 2175 694 2230 debebunt
712 2176 745 2245 5,
769 2178 818 2243 10,
837 2174 898 2229 105.
918 2174 1004 2247 jugeri
1020 2192 1173 2231 mensuram

173 2256 198 2294 us
208 2250 262 2366 t{tm
269 2246 438 2383 qpefflgts
459 2245 635 2321 longitudinis
651 2248 735 2316 pedes
751 2260 829 2313 esse,
854 2244 1019 2315 dintidioquc
1034 2244 1064 2299 in
1081 2246 1172 2301 latitu-

173 2326 513 2456 ddi-sdlsminutus.

173 2508 181 2526 ·
215 2480 242 2551 1)
255 2490 376 2555 preprier
397 2488 440 2540 his
459 2486 595 2558 (munibus)
620 2513 654 2525 —
678 2501 859 2553 vocemus,
884 2484 1097 2541 dimittimus
1122 2497 1170 2539 etc.

173 2550 205 2605 ld
220 2557 306 2622 plures
323 2573 338 2609 1
355 2572 384 2611 se
404 2558 538 2611 dimittens
561 2562 585 2625 1,
599 2560 626 2623 5,
637 2558 686 2623 36,
704 2566 731 2610 11
751 2557 860 2609 dimisso
880 2559 1028 2610 adulterum
1046 2555 1172 2610 occidue

173 2622 231 2675 utu
253 2626 284 2691 5,
305 2628 353 2692 10,
370 2624 431 2680 104.
456 2626 582 2681 auctione
610 2626 719 2679 dimisse
742 2632 790 2693 11,
807 2632 838 2693 2,
856 2626 909 2690 24,
944 2642 1044 2682 vocem
1069 2632 1172 2677 lentum

173 2700 229 2746 urle
245 2692 379 2747 dimittunt
398 2694 499 2765 (labra)
517 2700 559 2763 11,
578 2700 604 2762 3,
624 2698 666 2749 81.
686 2695 725 2762 ll)
754 2702 841 2748 transl.
878 2694 906 2761 α)
923 2698 1042 2763 prudens
1060 2704 1087 2748 et
1105 2710 1172 2748 con-

173 2762 238 2831 esdr)
253 2772 380 2831 tunquam
395 2765 519 2818 inimicus
540 2775 566 2819 et
585 2766 717 2832 pervicax
736 2764 906 2817 dimittendus
924 2765 1013 2817 statim
1039 2768 1065 2832 5,
1082 2769 1109 2831 7,
1126 2765 1171 2819 26.

173 2830 244 2898 toris,
266 2842 419 2905 suspectum
436 2843 546 2900 testem,
568 2837 631 2887 dum
648 2836 772 2903 prodest,
800 2834 932 2887 dimittere
950 2838 984 2887 it.
1005 2837 1049 2887 21.
1068 2833 1097 2886 in
1116 2832 1173 2901 pri-

173 2916 177 2951 l
193 2901 322 2970 Epicurus
341 2919 357 2956 1
374 2920 404 2957 se
420 2904 479 2971 ipse
498 2902 618 2970 dimittit,
636 2903 682 2973 qni
699 2905 794 2975 lugere
811 2919 917 2956 ornnem
935 2901 1104 2971 disciplinam
1121 2920 1172 2955 na-

173 2986 194 3025 te
209 2988 287 3039 quarn
306 2972 478 3027 velocissimi
496 2974 570 3041 jubet
587 2978 630 3039 12,
643 2978 669 3040 2,
682 2972 728 3027 24.
761 2971 795 3041 a)
809 2974 883 3041 quod
900 2974 1171 3053 apprehendens

173 3038 257 3109 diqnid
274 3051 387 3114 cogatur
410 3040 595 3095 dimittere
620 3042 653 3108 6,
671 3039 704 3109 4,
724 3043 767 3096 18.
788 3051 915 3110 tanquam
932 3042 1040 3095 dimisse
1059 3041 1173 3096 discedit
1235 3061 1239 3067 ·

173 3106 199 3176 r)
216 3114 257 3177 11,
273 3114 301 3179 2,
318 3109 363 3164 44.
385 3126 491 3163 censum
508 3111 543 3165 in
563 3110 678 3181 aliquam
693 3127 751 3164 rem
768 3109 873 3176 dimitti,
893 3128 963 3179 quae
984 3127 1040 3164 non
1057 3110 1092 3165 sit
1108 3128 1172 3179 pro-

173 3179 333 3248 11111111113,
353 3184 397 3246 11,
409 3182 451 3233 16.
470 3196 523 3251 qno
541 3180 629 3234 minus
646 3188 843 3248 susceptum
859 3180 935 3233 litem
952 3180 1110 3234 dimittet
1127 3185 1171 3247 12,

173 3262 194 3299 n
208 3248 350 3303 securitate
367 3249 523 3303 dimittimus
539 3268 581 3317 ee,
599 3267 669 3318 qnae
680 3248 835 3317 scripsimus
854 3254 897 3316 11,
908 3253 935 3315 2,
950 3252 976 3305 9.
989 3248 1172 3319 potentissima

173 3324 208 3371 111
216 3319 337 3389 primone
349 3321 475 3387 ponende
487 3320 540 3372 sint
552 3322 625 3386 loco,
643 3327 674 3372 ut
687 3328 858 3388 occupent
873 3318 992 3383 animos,
1011 3337 1045 3371 un
1056 3333 1171 3385 summo,

182 3386 383 3442 dimittenti
403 3392 430 3456 5,
452 3393 493 3458 12,
516 3389 549 3443 14
567 3391 604 3443 Ν.
1203 3396 1207 3401 “

173 3472 251 3535 tutio.
292 3490 354 3559 (fig.
375 3510 418 3559 ap.
439 3490 513 3559 02¹0.)
532 3493 559 3560 9,
581 3496 607 3561 1,
625 3492 669 3546 35.
691 3486 801 3558 (omuino
821 3506 869 3543 nott
885 3484 950 3557 fig.)
966 3486 995 3555 9,
1013 3490 1038 3553 3,
1058 3488 1101 3541 91.

173 3594 208 3637 to.
227 3610 271 3623 -
296 3592 409 3661 spoliate
427 3596 525 3661 templs
543 3594 570 3660 6,
590 3596 615 3660 1,
634 3596 660 3648 3.
1041 3602 1045 3610 ’

173 3718 180 3735 ·
217 3694 365 3749 directione
382 3696 495 3765 quadam
510 3695 623 3749 rstionis
642 3696 674 3747 ed
692 3693 834 3749 veritatem
851 3696 877 3760 3,
895 3694 923 3761 6,
942 3696 985 3747 30.

173 3822 181 3841 ·
198 3817 240 3829 ·-
266 3799 443 3867 profanorum
460 3813 653 3865 remorumque
670 3798 698 3865 8,
715 3800 742 3864 3,
760 3798 804 3853 69.
1156 3868 1159 3873 j

180 3882 201 3952 l)
218 3889 334 3955 proprie:
354 3888 472 3938 frontem
496 3888 530 3949 2,
557 3887 605 3949 13,
624 3886 651 3937 3.
675 3879 886 3949 -11119,4,
909 3882 934 3935 8.
958 3879 992 3932 in
1019 3876 1172 3949 posteriore

173 3970 214 4008 ron
230 3955 352 4028 dirigitur
374 3958 420 4022 11,
439 3958 474 4020 3,
492 3954 556 4019 105;
587 3952 645 4006 ocio
666 3952 768 4006 directa
784 3956 821 4017 2,
840 3954 892 4016 13,
910 3949 936 4003 4.
961 3948 1063 4002 directe
1079 3950 1172 4001 fronte

173 4024 220 4078 lum
236 4030 262 4093 5,
282 4028 324 4090 13,
343 4027 386 4075 11.
423 4024 462 4089 ll)
478 4030 583 4075 tremi:
602 4032 631 4073 ut
652 4023 692 4075 ud
712 4038 744 4074 ea
762 4020 891 4089 judicium
909 4018 1038 4091 dirigatur
1054 4020 1082 4084 6,
1100 4019 1126 4082 5,
1143 4018 1172 4072 2.

173 4110 192 4159 ι,
217 4113 282 4163 qnss
307 4091 446 4160 discipulis
469 4094 504 4144 ed
528 4092 672 4145 dicendum
689 4086 803 4158 debu'nt,
826 4106 883 4143 non
900 4088 1020 4142 contenti
1036 4086 1172 4141 divisione

173 4199 178 4228 ,
196 4164 274 4217 lulius
291 4163 408 4217 dicendo
424 4161 739 4231 murmurarunt,
757 4163 789 4223 1;
813 4160 852 4211 ud
869 4161 1024 4227 exemplum
1040 4156 1172 4209 virtutum

185 4248 259 4287 niens
275 4232 415 4304 dirigende
432 4234 475 4298 10,
491 4234 518 4297 2,
538 4237 562 4284 1.
582 4232 624 4283 ud
641 4246 674 4282 ea
686 4246 717 4282 se
736 4228 850 4297 quisque
865 4228 997 4310 dirigebat
1014 4222 1171 4295 ellingends

176 4304 217 4357 27.
236 4320 296 4356 curn
314 4319 343 4355 se
365 4302 405 4353 ed
421 4300 463 4367 id,
482 4302 555 4371 quod
575 4305 618 4351 est
633 4296 762 4368 optimum
780 4308 885 4364 nature,
902 4296 1036 4367 direxerit
1060 4290 1171 4359 (umor)

182 4390 190 4437 ς
208 4372 232 4427 si
249 4381 306 4426 tote
322 4380 414 4425 mente
429 4370 464 4423 in
480 4386 550 4438 opus
568 4368 656 4438 ipsum
674 4366 809 4423 direxeris
826 4362 1007 4437 (1111111111)
1025 4364 1073 4441 10,
1086 4358 1171 4425 3,28.

173 4456 199 4493 es
215 4442 283 4509 loci,
304 4442 351 4511 qni
369 4448 432 4493 snnt
450 4440 487 4493 in
505 4438 571 4494 vitiu
588 4436 683 4491 directi
699 4442 727 4501 2,
747 4441 772 4505 1,
793 4441 837 4491 11.
855 4426 1171 4501 adverruusngnlos

186 4511 256 4567 ectio
273 4514 299 4578 5,
316 4516 345 4578 7,
361 4512 397 4577 6;
416 4514 513 4563 Punic.
530 4509 634 4562 directo
654 4508 689 4560 ed
707 4506 868 4563 Ciceronem
885 4500 1019 4573 principio
1038 4499 1065 4564 4,
1083 4502 1110 4564 1,
1126 4496 1170 4550 68.

173 4616 252 4683 Quini.
903 4608 937 4659 ¹5
