2596 4866
346 626 387 690 de
408 624 624 690 Gratumudca
646 620 875 701 Quintilianus.
1061 628 1088 685 x

10 800 102 877 thet
135 822 193 893 1,
226 818 293 891 ια,
321 822 354 891 7.
392 822 487 870 utta
523 820 585 870 res
621 794 879 897 quaelibet,
921 800 1088 897 atque'i

10 943 203 1031 [sicque
216 917 501 1017 ultimum-hoc
521 918 695 1025 Verbusn
721 910 891 1011 1,5,1o.
918 918 1029 993 verbo
1050 945 1088 993 ct

10 1044 182 1129 ‚euin
203 1065 334 1141 porro
351 1040 552 1113 Neutrum
567 1037 875 1140 Adjectivorum
896 1065 1053 1140 semper
1073 1066 1088 1111 t

10 1161 333 1267 Quintilianum
345 1158 494 1258 alt'qsu'd
506 1184 593 1232 non
607 1158 766 1259 aliquod
781 1159 991 1254 asciscere,
1010 1159 1088 1233 ide<

10 1314 35 1383 t,
62 1284 127 1375 15,
160 1283 203 1359 3.
237 1280 440 1380 aliquid
451 1281 659 1380 proprium
672 1302 766 1375 etc,
792 1305 930 1380 neque
945 1308 996 1355 ex
1012 1280 1088 1355 Am

10 1410 121 1485 iano
140 1410 181 1481 I.
198 1403 381 1503 αἱίφιοά,
405 1403 623 1505 legendum
637 1426 718 1475 esse
736 1402 792 1503 (v.
807 1401 1043 1503 Aliquis);
1070 1408 1088 1473 c‘

10 1558 80 1607 ue
101 1525 271 1630 augeri
285 1546 498 1596 numerum
515 1525 717 1615 locorum,
738 1522 809 1596 ubi
831 1524 998 1624 qm‘squs‘s
1017 1524 1088 1597 int

10 1656 73 1730 'vo
116 1644 387 1748 adjectivum
416 1642 500 1717 vim
530 1644 680 1736 habet,
720 1666 999 1737 nontamen,
1039 1643 1088 1718 ni:

10 1772 265 1851 locutione
296 1788 443 1865 quoquo
473 1764 609 1855 modo,
644 1771 758 1865 apud
786 1766 916 1865 ipsum
950 1766 1088 1839 Cicero

10 1895 98 1971 atis
123 1883 361 1987 frequenti.
418 1887 486 1959 De
506 1884 669 1986 siugulis
693 1892 746 1960 ad
768 1886 955 1961 Lexicon
976 1885 1084 1988 rejici

10 2040 40 2093 ‚t
72 2038 185 2089 non
218 2006 400 2081 alienum
430 2002 504 2078 erit
535 2006 693 2081 abhoc
722 2011 836 2099 1000,
871 2013 923 2081 de
948 2007 1088 2106 conjec

10 2126 259 2237 §paldingii
281 2154 307 2201 a
326 2124 518 2227 Zutnptic
546 2149 712 2226 recepta
735 2128 944 2222 disserere,
982 2154 1065 2229 qua

10 2246 295 2330 Pronomiuis
314 2248 474 2348 quisquis
492 2250 616 2346 plane
631 2247 896 2346 pervertitur:
924 2277 965 2345 7,
983 2272 1024 2341 tt,
1040 2241 1087 2321 35

16 2368 321 2463 circatoris-est
350 2369 583 2467 efficere,
619 2369 673 2442 ad
702 2370 936 2469 quidquid
954 2370 1088 2467 facien

20 2517 179 2571 causae
197 2489 323 2564 calere
340 2490 565 2583 adeantur,
592 2492 663 2563 ubi
685 2490 759 2565 viri
784 2490 839 2564 illi
864 2488 995 2582 docti,
1023 2494 1088 2563 dtu

15 2634 119 2717 post
135 2612 297 2711 effrem
312 2609 563 2707 desiderant,
580 2611 814 2687 Relativuin
833 2611 1019 2712 qmilqm'd
1030 2612 1088 2682 fa<

16 2740 263 2811 Pronomen
277 2730 553 2825 indefinitum,
578 2730 620 2804 id
636 2738 770 2833 quod,
790 2732 865 2806 nisi
887 2732 1046 2807 ratione
1064 2758 1088 2803 n

21 2872 273 2945 memorata,
296 2856 413 2926 nullo
433 2873 558 2952 pacto
576 2852 669 2937 ferri
690 2874 842 2954 potest,
866 2880 995 2953 quum
1010 2855 1088 2928 Lat

27 2978 169 3050 iiterae
186 2998 391 3073 nusquam
403 2972 527 3046 simile
542 2979 770 3074 exemplum
783 2976 1013 3068 exhibeant,
1029 3000 1088 3047 om

33 3124 107 3198 que
132 3094 222 3196 ejus
245 3094 403 3199 generis
425 3079 699 3169 a'Forcellino
720 3096 832 3170 allati
856 3096 934 3169 loci
954 3115 1027 3179 aut
1042 3122 1088 3168 ini

35 3220 105 3319 iam
128 3217 214 3291 sint
234 3214 277 3288 in
301 3215 545 3290 editionibus
562 3218 625 3315 (cf.
642 3219 801 3318 Zumpt.
825 3222 877 3290 ad
895 3216 975 3292 Cic.
991 3220 1088 3291 Verr

43 3338 128 3432 ib),
163 3358 241 3410 aut
263 3337 445 3412 incertae
473 3335 552 3410 sint
582 3337 852 3433 auctoritatis;
887 3338 1009 3412 ceteri
1039 3364 1088 3409 au

46 3458 168 3555 quide
186 3463 266 3531 hac
284 3463 425 3549 eadem
440 3483 483 3532 re
499 3456 728 3559 disputant,
746 3485 876 3535 novos
890 3462 1002 3533 iocos
1016 3461 1085 3531 lau

47 3580 175 3655 nullos.
233 3580 307 3654 Est
336 3578 460 3682 igitur
487 3579 556 3653 illa
583 3579 784 3654 sententia
813 3581 1005 3672 relativa,
1036 3604 1088 3679 pe

45 3698 219 3799 qutilquid
242 3700 502 3795 introducta,
533 3700 749 3801 Objectum
773 3702 894 3780 Verbi
919 3706 1088 3801 efficere,

10 3872 13 3884 .
45 3816 118 3920 tq.
142 3822 301 3894 diceudo
325 3812 546 3922 expromere
565 3821 844 3925 significantis,
870 3829 921 3898 de
937 3851 1018 3926 qua
1041 3822 1088 3922 eji

10 3938 17 4036 ,i
45 3942 89 4017 cf.
103 3944 206 4019 Lex.
222 3962 264 4016 ct
283 3942 365 4017 Cic.
383 3942 450 4021 Or.
464 3946 502 4039 I,
530 3940 592 4037 26,
613 3967 696 4020 120.

384 4176 416 4238 3.
460 4169 529 4237 DE
555 4170 834 4239 ADVERBIO.

114 4308 231 4409 Quae
244 4314 326 4385 huc
339 4307 547 4411 pertinent
561 4306 648 4409 ipsa
662 4308 801 4383 melius
815 4306 979 4383 docebit
988 4300 1088 4379 Lexi

55 4442 180 4505 uttam
201 4456 240 4525 r,
256 4457 290 4526 7,
309 4452 367 4529 29.
390 4452 431 4505 et
447 4442 555 4507 tutuo
574 4454 608 4524 s,
624 4436 660 4525 4,
676 4432 741 4503 28:
762 4454 911 4533 augere
929 4426 1010 4505 vim
1025 4450 1088 4499 sen
