2596 4866
591 160 599 193 l

272 292 378 361 Viaco
399 328 442 343 -
462 291 603 360 Vindice
947 294 1011 361 959
1083 319 1090 338 ·

175 470 303 532 ttaxta,
325 464 512 546 solutaalia
529 463 562 529 9,
580 463 675 545 4,19.
693 462 1012 534 υ.11ιοοιιιροιίιιιι.

175 550 338 725 ,ῑῖἑῖῗὲ
361 535 1013 673 31191Γο9.’.11.“.11..9(3ῑ

175 768 217 811 ter.
246 755 284 823 ι)
304 756 374 829 Ergo
392 771 444 827 ego
468 772 603 825 nunqnam
621 755 694 809 vici?
719 756 760 825 (in
778 753 851 823 alea)
870 757 901 823 6,
918 758 950 823 3,
966 758 1012 811 72.

175 826 236 893 rim,
257 833 283 877 et
300 825 405 893 saepius
422 823 572 880 vincere
590 841 619 877 se
639 832 711 892 putet
729 830 824 893 (puer,
843 829 886 894 pus·
903 828 1013 877 institui-

175 932 177 943 ,
198 900 230 962 1,
247 899 279 960 2,
296 894 339 948 24.
359 892 427 961 [neo
443 892 489 946 alii
505 902 598 961 postea
614 894 728 948 vicerint
751 893 804 961 (Ζ.
822 911 874 947 nec
891 893 950 961 itti,
966 893 1013 961 qui

192 968 237 1025 12,
256 968 307 1030 11,
324 961 379 1031 27.]
414 961 448 1030 β)
464 961 530 1017 vicit
549 963 752 1031 compositionis
771 965 854 1016 decor
869 965 900 1026 9,
916 961 949 1029 4,
966 961 1011 1015 44.

175 1036 197 1099 l,
215 1040 248 1098 1,
265 1033 300 1086 65
311 1034 346 1085 Ν.
365 1031 465 1085 utinam
483 1047 539 1084 non
554 1034 650 1153 pejora
666 1032 775 1086 vincant
791 1035 824 1100 9,
842 1034 876 1098 3,
894 1037 918 1084 1.
937 1031 1013 1086 vin·

180 1102 369 1155 cedendum
392 1111 432 1154 est
448 1103 481 1168 8,
501 1104 533 1168 3,
572 1102 595 1155 5.
615 1119 640 1154 a.
658 1103 779 1173 Regno.
816 1102 847 1169 y)
866 1105 891 1152 in
911 1105 1011 1154 causis.-

175 1168 277 1235 smenta)
296 1170 365 1225 vicit
382 1172 414 1237 6,
432 1174 467 1235 2,
485 1167 510 1222 4.
530 1178 560 1222 ut
576 1173 606 1224 in
623 1187 718 1237 causa,
746 1172 774 1222 in
794 1186 846 1238 qua
862 1169 1011 1223 vincere

175 1239 191 1291 ·i
211 1239 297 1307 possit
313 1241 344 1306 5,
361 1239 391 1304 6,
408 1238 432 1293 5.
451 1256 511 1292 cum
528 1238 699 1305 benedixit,
717 1239 819 1291 etiamsi
837 1255 891 1292 uon
909 1238 1011 1306 vincat,

175 1307 277 1375 inetur,
296 1308 384 1360 effecit
399 1313 435 1373 2,
453 1312 504 1369 17,
524 1310 568 1361 23.
589 1324 649 1361 cum
665 1309 791 1362 vincendi
808 1316 909 1360 tantum
926 1308 1011 1379 gratia

180 1411 188 1428 .
221 1374 263 1441 11)
285 1396 307 1428 c.
325 1377 384 1444 obj.
412 1378 443 1441 α)
463 1374 521 1428 acie
537 1375 624 1441 victa,
644 1376 674 1428 in
690 1395 742 1445 qua
760 1385 867 1429 steterat
880 1383 912 1442 ,7,
926 1382 952 1442 2,
966 1378 1010 1430 26.

177 1445 205 1498 in
228 1446 289 1496 lusu
308 1448 356 1505 tt,
373 1449 407 1510 2,
423 1446 467 1498 38.
493 1446 695 1511 competitorem
714 1446 742 1499 in
759 1445 890 1518 suffragiis
908 1446 1012 1500 vicerat

175 1514 272 1565 uitari
289 1512 415 1580 primama,
434 1528 500 1565 mox
516 1512 668 1567 vincere
686 1515 752 1568 velit
763 1522 787 1580 1,
806 1521 833 1581 2,
850 1518 898 1579 29,
917 1532 1011 1583 quarm

175 1583 289 1637 vinceret
313 1582 481 1651 praestandi,
510 1584 582 1649 quod
601 1582 771 1653 exigebatur,
797 1583 909 1647 fiducia,
932 1600 1010 1653 qnam

175 1652 195 1704 ia
216 1654 260 1704 Pr.
280 1654 312 1718 3,
339 1658 370 1702 ut
389 1651 493 1716 omnia,
515 1667 583 1719 qnae
602 1650 763 1720 impedient,
785 1654 874 1707 vincat
898 1653 1011 1706 intentio

175 1722 305 1773 utilitatem
323 1719 429 1785 vincet,
448 1721 520 1788 quod
538 1722 616 1773 decet
636 1724 683 1786 11,
703 1726 728 1787 1,
744 1724 771 1775 9.
791 1722 914 1789 quotiens
931 1738 1011 1790 prae-

176 1790 203 1844 ἰο
221 1789 254 1854 4,
273 1794 307 1855 1,
324 1793 368 1843 70.
409 1788 443 1857 β)
461 1792 547 1858 aliqua
566 1810 606 1842 re:
628 1788 727 1842 sterilia
746 1792 819 1842 nullo
837 1792 929 1842 labore
947 1790 1011 1844 ria-

183 1864 226 1924 11,
240 1862 267 1924 3,
283 1863 325 1912 12.
347 1862 508 1910 immunis.-
526 1858 591 1910 illud
609 1859 689 1925 enim,
709 1862 781 1927 (prod
798 1860 898 1914 veritas
916 1860 1010 1943 exigit,

188 1944 256 1982 sono
273 1926 391 1995 victum,
409 1930 440 1977 in
458 1926 563 1999 geminii
580 1934 757 1981 commutatur
776 1934 800 1994 1,
817 1932 844 1994 7,
863 1931 888 1981 8.
907 1938 937 1980 ut
953 1946 1011 1981 sta-

175 2005 284 2051 noantnr
299 2003 326 2063 7,
343 2002 370 2062 2,
387 2000 439 2061 22,
457 1996 600 2050 subtilitate
617 1996 807 2051 vincimur:
828 2000 1010 2051 valeamus

177 2084 206 2119 as
223 2082 306 2135 penes
326 2066 387 2118 illos
405 2074 447 2117 est
459 2066 571 2119 certior:
590 2066 667 2135 copia
684 2066 823 2120 vincamus
841 2071 883 2131 12,
905 2071 948 2132 10,
966 2068 1010 2121 36.

175 2136 220 2188 bus
242 2134 443 2199 vincimur,
463 2135 578 2187 sortasse
594 2136 752 2202 aeqttalitate
770 2140 1020 2203 peasamna10,·

178 2207 320 2270 1,1,69.
347 2208 390 2258 90.
418 2202 567 2273 inteoqne
590 2204 724 2259 vincimur
745 2207 804 2257 solo
831 2208 878 2267 12,
902 2208 947 2264 10,
965 2208 1010 2259 38.

175 2283 272 2326 ostrum
288 2272 481 2339 miserabilem,
503 2273 526 2326 si
543 2274 699 2340 vincamur,
721 2273 836 2327 exitum:
858 2273 895 2328 ita
915 2275 1011 2327 ad'ver-

175 2362 203 2410 n,
222 2342 245 2395 si
262 2342 390 2401 vicerint,
409 2344 520 2396 credere
539 2341 566 2410 4,
585 2347 610 2408 1,
629 2345 671 2398 29.
690 2342 725 2407 cs·
745 2344 771 2408 5,
790 2347 833 2408 12,
852 2346 877 2397 3.
899 2343 1011 2395 confite-

177 2412 260 2475 eaotis
282 2419 483 2483 argumentum,
507 2412 536 2464 in
557 2412 653 2479 quibus
670 2412 766 2466 vinci
783 2428 864 2480 quam
882 2419 1010 2465 tacere

193 2480 298 2535 violo
316 2489 452 2548 superest,
473 2488 502 2533 ut
520 2481 619 2534 tueri
639 2498 669 2534 se
687 2481 772 2549 possit
787 2484 821 2534 ib.
841 2482 883 2536 16.
900 2481 929 2534 in
946 2498 1011 2535 cen-

175 2550 205 2604 iis
229 2549 379 2619 duplicibus
394 2559 470 2619 parte
489 2549 559 2604 sicta
578 2554 621 2615 11,
637 2554 663 2616 1,
681 2552 725 2605 78.

175 2656 289 2723 dcunqtte
305 2656 385 2719 ligat:
404 2652 478 2706 velat
493 2652 593 2706 atrioli
610 2648 691 2705 certis
706 2655 796 2725 legum
812 2669 840 2706 v.
853 2652 934 2719 5,10,
949 2655 1009 2706 101.

175 2720 321 2792 ¹uaestiouis
340 2739 369 2775 v.
388 2724 527 2791 copulatus
544 2726 576 2787 2,
596 2721 628 2785 4,
648 2725 691 2776 30.
717 2720 890 2775 constrictum
905 2740 934 2777 v.
954 2721 1009 2775 suis

175 2809 233 2845 unas
253 2801 310 2860 est,
328 2792 373 2846 vel
392 2798 483 2845 tacere
501 2803 546 2844 etc.
567 2800 645 2864 cogat
663 2797 696 2858 7,
715 2794 747 2859 3,
766 2790 814 2857 14,
842 2796 867 2845 in
883 2812 1021 2846 serranus:¹

175 2862 199 2915 ia
218 2860 259 2915 his
275 2880 304 2916 v.
322 2878 400 2930 qnam
418 2864 492 2914 nialla
510 2861 563 2915 sint
581 2868 615 2928 9,
633 2859 665 2925 4,
683 2865 726 2914 20.
767 2860 812 2928 11)
830 2864 862 2912 «le
879 2864 1008 2913 cuuodin:

180 2934 223 2998 10,
238 2932 282 2987 97.
299 2928 329 2983 in
344 2930 378 2983 iis
391 2930 593 2999 controversiis,
605 2930 637 2984 in
653 2930 748 2998 quibus
761 2939 889 2999 pensatur
901 2930 1010 2987 vincula

175 3086 195 3137 ιὶ
208 3084 275 3153 juria
286 3082 369 3148 sacia.
395 3080 433 3147 ιι)
451 3082 474 3134 si
491 3098 548 3137 non
564 3082 662 3151 cupido
678 3081 761 3147 lucis,
783 3091 856 3135 certe
874 3083 1008 3150 patientia,

175 3170 199 3207 ua
220 3170 280 3207 mes
305 3159 392 3205 aetate
407 3150 440 3215 6,
458 3152 502 3205 I’s.
522 3154 556 3204 13
571 3154 608 3203 Ν.
634 3166 702 3218 quae
724 3159 850 3202 maneant
874 3167 936 3219 eos,
963 3152 1007 3219 qui
1044 3184 1048 3191 ·
1075 3152 1078 3157 ’

175 3222 239 3277 nesti
257 3230 326 3286 arsut,
343 3220 396 3275 nisi
408 3219 578 3274 vindicentur
593 3220 620 3284 6,
642 3226 666 3280 1,
686 3218 727 3271 19.
745 3212 923 3286 ἆᾳτέγκλημιι
940 3220 1009 3273 disi-

175 3302 240 3347 ›stra
257 3286 380 3345 defensio
397 3298 502 3342 constat
517 3291 575 3355 ejus
591 3287 777 3353 accusatione,
795 3288 840 3356 qui
857 3288 1009 3342 vindicatur

175 3380 277 3415 tenum
297 3376 348 3429 pro
367 3363 570 3412 Tarsimeac
589 3357 824 3438 multiauatores,
843 3353 946 3411 etiambi
967 3368 1008 3413 est

175 3428 1007 3567 :itatllt'tltial',iin‘tl‘l:gtl‘lttlttfl‘tftlff

175 3588 181 3623 ι
199 3577 301 3623 mutum
319 3566 490 3623 vindicemini
508 3568 545 3634 (a.
564 3573 580 3619 l.
597 3564 777 3631 judicarunt),
798 3574 827 3618 ut
843 3565 937 3618 studiis
956 3567 1007 3619 ali-

175 3638 223 3693 isse
244 3638 386 3694 videantur
410 3643 442 3713 2,
468 3642 516 3703 17,
538 3638 607 3691 2Ν.
626 3656 661 3689 cr.
685 3634 877 3691 verecundiam
899 3635 1007 3689 silentio

175 3710 206 3763 tt.
250 3707 291 3777 β)
312 3709 366 3774 adj.
383 3712 464 3760 Dat„-
491 3703 582 3773 petit
608 3704 722 3757 rusticus
747 3713 847 3772 partem
866 3700 1006 3772 bonorum,

196 3776 354 3832 vindicat
370 3781 404 3841 7,
421 3781 454 3841 t,
477 3772 521 3827 ta.
544 3772 577 3837 as.
596 3776 639 3827 os.
663 3778 696 3838 5,
715 3778 762 3839 10,
784 3776 828 3827 67.
853 3779 889 3835 ι,
907 3777 939 3840 e,
961 3778 1003 3828 ιο.

175 3846 211 3899 tm
231 3847 305 3901 circo
321 3860 434 3911 nomen,
457 3844 542 3897 Poeni
557 3843 609 3897 sibi
626 3843 765 3897 vindicant
782 3848 812 3906 1,
830 3846 862 3907 5,
879 3844 922 3897 57.
947 3845 1006 3910 ple-

175 3916 265 3971 imicos
284 3925 337 3984 atq.
357 3916 549 3967 obtrectatores
565 3916 625 3980 plus
640 3912 761 3966 vindicat
776 3910 827 3963 sibi
845 3914 893 3976 11,
913 3915 944 3979 1,
963 3916 1007 3983 23.
1111 3941 1115 3947 -

176 3988 249 4039 bano
265 3994 350 4039 artem
365 3983 485 4039 vindicet
502 3982 554 4037 sibi
572 3986 614 4047 12,
635 3986 662 4046 2,
679 3984 705 4035 9.
730 3980 753 4032 si
769 3989 855 4033 totum
874 3980 925 4034 sibi
944 3980 1007 4035 viu-

175 4076 178 4101 ·
205 4062 341 4109 certamen
363 4058 412 4119 12,
435 4057 471 4119 2,
498 4056 540 4107 13.
567 4051 622 4103 illic
644 4052 743 4103 tactum
766 4048 795 4101 in
825 4049 1006 4104 adversarium

175 4142 206 4193 a,
228 4124 274 4178 bio
293 4122 344 4179 sibi
361 4118 621 4179 vindicantium
640 4125 673 4183 7,
691 4124 724 4186 2,
741 4121 784 4171 25.
808 4134 934 4191 magnum
953 4119 1005 4174 sibi

175 4230 185 4263 ,
202 4198 234 4261 1,
253 4196 312 4247 121.
336 4190 373 4257 cs.
389 4192 435 4247 89.
459 4210 486 4247 u.
503 4191 652 4261 Arrago.
