2596 4866
411 280 414 285 Ι
487 332 580 401 Tuus
604 372 645 387 -
669 334 735 403 Ubi
934 432 939 448 ἱ
1070 413 1075 425 ι
1127 346 1190 409 915

185 515 263 562 111111
279 508 332 563 fide
351 510 400 577 llp.
419 509 453 563 ad
472 510 577 578 Tryph.
595 511 619 563 3.

185 615 247 675 um.
280 582 330 664 nos
354 628 409 665 non
432 617 513 666 arma
532 613 580 664 sed
606 619 732 680 tympana
758 608 928 681 eloquentiae
951 612 1067 667 demus'i
1094 614 1127 683 5,
1147 619 1206 685 12,,

185 747 272 844 cido..
299 765 345 820 An
364 775 435 833 tyn,
453 764 499 832 qui
515 773 674 832 tyrannum,
699 782 786 834 aquo
806 767 988 832 deprehensus
1007 767 1037 819 in
1057 768 1188 825 adulterio

185 834 307 912 occidit?
328 836 354 900 5,
376 839 417 899 10,
437 837 480 887 36.
497 833 553 900 An,
571 835 617 902 qui
634 842 776 901 tyrannum
794 834 823 887 in
843 846 957 889 mortem
977 838 1115 905 compulit,
1134 838 1202 908 tyrs

185 919 234 982 *.³¹
251 919 300 969 per
316 899 495 971 ἕτυμολογίαν
512 902 629 969 dicatur,
648 905 845 972 Tyrannicidae
865 904 1000 971 proprium
1020 916 1076 970 est,
1094 916 1187 975 tyran-

185 972 290 1034 ordere,
310 988 455 1042 negemus,
480 972 641 1036 nonenim,
665 973 687 1024 si
706 975 829 1026 traditum
848 991 908 1025 eum
927 974 977 1027 sibi
995 977 1118 1031 carnifex
1139 994 1188 1030 oc-

204 1039 476 1120 tyrannicrdicatun
501 1058 552 1093 nec
577 1043 599 1093 si
618 1041 772 1107 imprudens
790 1045 836 1096 vel
858 1043 958 1095 invitus
979 1045 1140 1110 5,10,59.
1164 1047 1186 1100 11

185 1109 424 1177 yrannicrdae
447 1119 474 1162 et
491 1110 562 1163 viri
580 1110 695 1162 fortis
718 1123 905 1179 comparentur
924 1118 950 1178 7,
967 1118 994 1178 7,
1011 1118 1038 1166 2.
1064 1117 1188 1182 tyranni-

185 1194 251 1309 napo
272 1178 301 1229 in
319 1179 459 1250 gymnasio
477 1186 594 1246 ponatur
612 1184 644 1231 ib.
664 1182 688 1232 5.
1250 1188 1253 1192 '

185 1248 307 1386 11311311·
341 1274 392 1333 tyr.
413 1265 538 1318 occidere
556 1274 716 1334 tyrannum,
734 1283 769 1319 an
788 1264 867 1320 etiam
888 1265 916 1318 in
935 1275 1048 1320 mortem
1066 1271 1187 1337 compel-

221 1371 229 1399 ,
285 1370 293 1384 .

185 1421 206 1469 t.
241 1433 291 1485 pro
308 1434 357 1471 reo
376 1417 525 1486 tyrannidis
544 1418 681 1471 affectatae
698 1421 725 1484 7,
740 1422 767 1484 2,
788 1415 831 1472 54.
849 1425 901 1487 tyr.
919 1418 1057 1473 affectatae
1077 1410 1187 1476 damua-

185 1497 285 1567 [ueatur
302 1491 333 1552 9,
352 1492 383 1552 2,
402 1490 445 1540 81,
472 1496 566 1539 cavete
584 1479 753 1554 tyiannidem
771 1491 803 1551 7,
821 1491 853 1552 2,
871 1487 915 1541 49.
941 1491 976 1541 ad
999 1494 1187 1545 destmendam

185 1573 192 1607 ι
209 1563 262 1624 tyr.
282 1562 312 1619 1,
335 1561 382 1621 10,
403 1557 445 1609 48.
465 1565 495 1608 ut
514 1556 683 1623 tyrannidem
702 1564 817 1622 occupet
836 1558 865 1623 5,
886 1562 933 1625 11,
952 1560 978 1612 8.
1000 1558 1022 1611 11
1043 1569 1096 1629 tyr.
1112 1571 1187 1629 petas

185 1628 213 1678 7.
240 1624 286 1677 An
300 1625 329 1677 in
348 1623 488 1692 tyrannide
505 1625 712 1677 administranda
728 1624 842 1691 (respli
863 1628 890 1694 3,
908 1625 933 1691 5,
951 1628 978 1681 9.

185 1706 225 1755 δι’
250 1719 405 1779 tyranno
427 1719 531 1763 acutam
548 1711 611 1778 syll.
628 1710 744 1763 mediam
762 1712 892 1763 dederunt
915 1717 944 1778 l,
964 1712 994 1777 5,
1013 1714 1049 1771 62
1060 1717 1114 1781 Ν.,·
1132 1722 1185 1784 tyr.

185 1796 230 1845 11,
256 1797 271 1832 1
290 1780 396 1833 medico
414 1796 464 1833 suo
482 1797 618 1834 uenenum
634 1780 686 1832 sibi
704 1783 793 1832 datum
813 1785 846 1845 7,
867 1785 899 1847 2,
918 1782 961 1835 25.
979 1784 1088 1850 tyranni
1106 1802 1188 1840 saeva

185 1864 209 1901 11
227 1849 254 1913 9,
275 1852 302 1914 3,
323 1849 367 1902 48.
391 1849 532 1916 pactiones
548 1849 740 1918 deponentium
756 1849 898 1917 imperium
915 1858 1092 1919 tyrannorum
1109 1854 1140 1918 9,
1159 1859 1185 1921 2,

185 1916 290 1971 civitate
307 1918 428 1985 tyrannis
448 1927 566 1985 assueta,
586 1935 621 1970 an
640 1919 724 1973 libera
742 1936 849 1986 semper
865 1925 898 1985 7,
916 1918 949 1985 4,
968 1924 1012 1973 22.
1038 1920 1073 1973 sit
1091 1923 1186 1991 aliquis

185 2003 203 2038 u
224 1995 339 2055 tyranno
360 1991 407 2053 12,
429 1991 461 2055 3,
482 1988 525 2041 40.
546 1998 676 2058 tyrannos
693 1987 839 2041 insectatus
859 1993 906 2055 10,
927 1993 956 2054 1,
974 1991 1018 2041 63.
1032 1989 1125 2044 =uirum
1145 2000 1186 2044 ta-

185 2072 287 2147 ι1111111111
308 2055 424 2178 occipiti,
441 2057 539 2113 mulier
557 2057 673 2125 occidit,
695 2072 768 2111 uxor
789 2057 889 2111 occidit
907 2062 934 2126 7,
953 2062 979 2126 1,
997 2059 1041 2112 28.
1060 2057 1095 2123 rs.
1115 2063 1141 2126 7,
1158 2059 1186 2127 4,

198 2142 364 2195 yrannioi
395 2143 420 2180 a.

507 2236 629 2372 su

186 2476 259 2525 1111
275 2465 381 2536 quidam
399 2464 424 2517 U
442 2474 469 2519 et
487 2468 499 2518 1
519 2463 614 2518 literae
637 2478 720 2517 sonus
748 2468 779 2529 1,
795 2462 826 2528 4,
844 2464 869 2517 8.
890 2480 914 2515 o.
933 2463 996 2516 l.U
1019 2458 1069 2515 sibi
1086 2460 1187 2530 insidit,
1219 2470 1228 2479 “·

185 2554 205 2591 o
223 2554 296 2590 nuno
315 2534 441 2589 scribitur
462 2537 593 2606 uulgus
614 2541 640 2586 et
658 2549 783 2586 seruus
809 2536 839 2583 ib.
860 2534 901 2583 11.
926 2530 1010 2584 nostri
1027 2541 1188 2599 praecepto-

185 2625 276 2662 tuum
293 2621 494 2672 servumque
510 2605 533 2656 U
549 2604 610 2656 etO
626 2603 710 2655 literis
729 2601 902 2668 scripserunt,
921 2601 982 2668 quia
1000 2601 1118 2668 subjecta
1135 2600 1186 2654 sibi

189 2676 219 2730 in
242 2692 326 2728 unum
349 2691 445 2727 sonum
468 2675 622 2726 coalescere
640 2681 667 2724 et
683 2671 813 2724 confundi
835 2669 972 2738 nequiret:
1003 2687 1075 2721 nunc
1096 2672 1120 2722 U
1138 2686 1185 2742 ge-

185 2746 307 2800 ribuutur
328 2749 356 2809 1,
374 2749 406 2810 7,
424 2744 467 2796 26.
486 2762 510 2795 v.
526 2743 560 2795 0.
580 2742 688 2793 nomina
706 2739 832 2812 singulari
852 2739 1019 2793 nominativo
1041 2740 1187 2794 1111111111

187 2816 246 2884 ,·6,
264 2814 308 2869 14.
327 2814 413 2882 (tristis
434 2824 457 2865 et
477 2815 580 2864 barrida
600 2811 686 2875 litero)
705 2815 746 2876 12,
768 2814 808 2876 10,
827 2811 869 2862 28.
1188 2839 1190 2843 >

188 2916 330 2985 >propriu
364 2917 462 2967 uberes
484 2916 558 2967 oleas
581 2915 613 2979 8,
633 2916 668 2980 3,
686 2915 711 2966 8.
740 2915 821 2980 quod.
842 2910 943 2965 uberi
969 2911 1187 2978 iucundoque

190 2980 1016 3052 1,1,111111111111111111111111111..
1041 2987 1188 3032 ulterram

191 3055 224 3108 tic
242 3055 358 3107 animum
378 3050 526 3120 disciplinis
546 3049 736 3103 meliorem
758 3059 785 3101 et
807 3049 1008 3100 uberiorem
1026 3044 1087 3100 fieri
1106 3051 1139 3114 8,
1159 3051 1187 3114 3,

197 3131 302 3176 transt.-
328 3122 447 3175 maxime
464 3122 562 3173 uberes
579 3119 633 3170 loci
653 3121 679 3184 5,
697 3121 739 3183 13,
757 3122 799 3170 22.
817 3117 927 3170 uberior
943 3114 1054 3168 materia
1072 3118 1098 3177 3,
1117 3122 1142 3182 1,
1160 3120 1186 3169 3.

194 3230 200 3246 .
219 3190 527 3260 3,11,25.11111111(1
547 3186 769 3241 exercitationem
790 3186 896 3237 dicendi
916 3184 982 3237 mire
999 3183 1188 3251 speciosae
1218 3184 1228 3199 ⁸

194 3278 267 3316 aras
284 3266 311 3327 2,
325 3260 353 3326 4,
367 3261 411 3313 24.
431 3258 465 3322 cf.
482 3261 523 3321 12,
541 3262 568 3323 2,
584 3261 626 3309 20.
644 3274 668 3308 o.
684 3254 859 3323 Speciosa
869 3272 890 3306 a.
909 3254 936 3305 in
950 3254 1093 3321 juvenibus
1108 3254 1188 3307 etiam
1206 3290 1209 3295 -

200 3349 237 3385 rs
255 3332 336 3400 paulo
357 3339 384 3383 et
402 3345 488 3397 paene
507 3324 760 3394 periclitantia
776 3325 900 3376 feruntur
920 3328 961 3390 ll,
982 3330 1006 3390 1,
1026 3327 1070 3377 32.

223 3418 363 3486 proiectus
387 3432 442 3479 non
469 3430 483 3466 a
506 3427 610 3465 summo
631 3410 730 3480 petitus
757 3410 904 3463 studiorum
932 3410 1036 3462 fructus
1057 3416 1085 3461 et
1101 3406 1189 3461 fundit

211 3495 238 3541 et
252 3487 357 3539 fidelius
375 3484 494 3538 continet
511 3485 558 3549 10,
578 3484 612 3549 3,
631 3486 657 3534 2.
825 3488 828 3493 “

219 3572 266 3627 illa
283 3572 355 3626 Livii
375 3574 460 3625 lactea
477 3569 523 3623 ub.
544 3571 593 3634 10,
613 3571 641 3632 1,
659 3569 701 3620 32.
726 3564 883 3617 immortalis
908 3561 1008 3635 ingenii
1033 3560 1188 3617 beatissima

200 3646 241 3698 tta.
259 3641 387 3695 historiae
405 3643 450 3693 ub.
469 3643 512 3704 10,
528 3639 607 3704 5,15.
627 3636 707 3690 facile
723 3636 870 3688 remedium
886 3641 927 3686 est
944 3633 1071 3686 ubertatis
1085 3637 1111 3698 2,
1121 3629 1148 3696 4,
1162 3631 1189 3685 6.

201 3712 272 3767 1111.
292 3714 415 3765 locorum
435 3703 937 3779 φιο111111.111111111111111.4,1,59.
964 3719 1052 3771 nequa
1069 3718 1100 3755 se
1116 3709 1190 3753 tanta
1216 3698 1221 3719 ¹

202 3785 248 3848 ic.)
265 3782 378 3835 fiidisset
394 3782 440 3833 ub.
460 3782 508 3843 12,
525 3781 557 3844 2,
576 3779 620 3829 23.
639 3794 663 3829 v.
681 3770 854 3829 Diviti'ae.

204 3890 291 3936 rtoco.
312 3881 345 3949 α)
362 3886 461 3936 Ratun:
478 3879 543 3933 Ubi
561 3888 588 3932 et
610 3878 757 3948 Quando
775 3873 941 3945 (Aristotelis)
959 3876 986 3940 3,
1003 3873 1030 3938 6,
1048 3871 1093 3923 24.
1111 3877 1191 3936 caput

205 3952 231 4006 bi
248 3953 401 4021 impositum
417 3952 446 4017 8,
464 3953 489 4016 5,
507 3948 542 4002 24
561 3951 596 4002 Ν.
614 3947 677 4000 ubi
695 3947 783 4012 amici,
801 3946 850 3999 ibi
868 3959 934 4012 opes
952 3943 978 4008 5,
998 3947 1041 4005 11,
1061 3941 1109 4005 41,
1134 3937 1191 3990 ubi

206 4040 266 4075 11111
283 4030 334 4090 est,
352 4021 403 4074 ibi
421 4019 556 4074 rhetorice
577 4034 632 4070 non
654 4022 738 4083 1112,
758 4021 800 4082 17,
818 4019 850 4069 31
868 4032 894 4065 v.
910 4010 972 4063 lbi.
994 4009 1041 4061 ubi
1059 4009 1105 4061 illa
1120 4016 1191 4073 sunt,

211 4090 474 4158 11111·.1115,9,2.
496 4088 531 4152 rs.
551 4094 576 4153 1,
594 4086 625 4153 4,
646 4087 673 4141 5.
695 4102 784 4154 neque
806 4086 979 4138 decurrentes
1000 4087 1129 4132 contexto
1150 4077 1192 4129 ni-

208 4161 290 4227 nitus,
314 4160 361 4214 ubi
378 4159 523 4221 dividenda
539 4157 592 4211 erit
608 4172 689 4210 causa
708 4160 752 4222 11,
770 4159 795 4219 1,
811 4154 838 4209 6.
857 4150 891 4216 11.
910 4155 953 4215 11,
971 4151 998 4216 3,
1015 4149 1043 4202 5.
1064 4147 1194 4201 intutum

209 4231 246 4287 isi
264 4229 311 4285 ubi
328 4246 440 4285 necessa
456 4236 514 4295 111,
532 4225 609 4299 gravi
625 4224 688 4289 uiro
704 4239 798 4293 parum
815 4218 944 4281 conuenit
961 4220 989 4286 9,
1006 4222 1033 4286 2,
1051 4220 1094 4276 98.
1113 4215 1148 4282 cs.
1165 4219 1194 4286 3,

727 4312 733 4333 1
894 4307 928 4360 58
949 4302 964 4334 t
