2596 4866
378 304 482 373 Vibra
502 346 545 361 -
566 306 726 379 Videlicet
981 399 983 403 Α
1059 318 1122 385 955
1164 294 1167 302 1

212 476 243 543 5;
260 475 434 533 rectissimam
452 480 494 532 erl
511 478 638 535 rientem
653 497 683 535 v.
702 480 803 553 deliget
820 486 863 549 12,
881 484 908 546 2,
925 486 970 537 27.
989 490 1124 538 traam·

224 545 278 601 alio
294 547 324 599 iu
341 548 411 600 aliud
429 551 505 603 velut
521 548 594 603 viam
614 559 729 618 praestat
746 554 779 618 8,
794 552 827 619 6,
844 555 886 607 37.
903 552 928 606 91
946 560 1020 607 certa
1035 554 1125 623 aliqua

212 632 283 669 mnes
299 617 424 670 materias
444 626 535 705 999991
563 624 598 685 7,
614 622 658 674 Pr.
674 618 702 673 4.
1087 660 1094 673 .

212 718 268 771 11199
281 717 429 774 'vibrantes
455 718 544 792 digitis
563 722 712 789 jaculantur
730 726 779 791 11,
799 724 909 790 3,120.
932 722 967 789 rs.
987 724 1021 793 9,
1037 722 1072 791 4,
1089 727 1123 780 55

212 789 277 841 οΝ.
295 807 321 840 9.
337 789 535 843 Sententia.

213 894 235 925 ..·
261 874 369 940 publica
391 893 419 930 v.
437 875 604 929 commoveri
621 879 671 943 11,
693 878 723 943 1,
740 874 783 928 42.
805 875 828 928 91
854 878 937 945 judex
961 885 1007 930 aut
1030 895 1079 931 sua
1095 897 1125 934 v.

211 942 398 1010 9119991994,
418 948 442 1010 1,
461 947 504 998 33.
525 944 558 1009 rs.
577 947 612 1011 6,
629 950 661 1012 2,
679 946 714 999 35
726 948 762 998 Ν.
779 962 823 999 res
841 947 899 999 991.
916 955 1021 1014 919991
1041 964 1123 1015 quae-

211 1012 321 1065 191191ιί1
340 1012 401 1066 vice
423 1017 549 1079 (Turia.
570 1017 642 1067 our.
667 1012 771 1079 vicem,
791 1013 856 1077 sort.
880 1020 954 1067 etium
975 1020 1063 1071 Ama.
1084 1022 1121 1083 1.,

211 1079 358 1154 19911914,
375 1085 407 1148 3,
425 1085 457 1134 11
477 1084 512 1135 Ν.
531 1102 566 1135 cr.
588 1082 622 1146 cs.
640 1081 667 1148 4,
687 1087 713 1150 1,
731 1084 779 1147 75;
804 1082 915 1151 (munus)
933 1086 1122 1139 adverbiorum

211 1167 267 1203 num
285 1150 406 1204 obtinent
423 1152 511 1205 vicem
531 1156 581 1221 11,
599 1155 631 1217 3,
648 1155 692 1206 87.
739 1153 783 1216 ll)
806 1157 887 1205 vires.-
911 1168 968 1207 non
992 1156 1025 1207 ad
1044 1172 1121 1207 urum

212 1219 334 1272 ficium
355 1221 424 1288 rati,
455 1223 562 1289 quando
585 1220 690 1274 divisae
712 1221 909 1293 professionum
932 1224 1008 1278 vices
1031 1233 1122 1277 essent

211 1330 213 1341 .
239 1289 410 1356 ambulandi,
434 1290 559 1351 sedendi,
580 1290 688 1356 jacendi
707 1308 737 1344 v.
759 1296 807 1359 11,
829 1294 862 1357 3,
881 1289 924 1343 44.
948 1292 1050 1358 judices
1073 1297 1122 1347 uel
1203 1323 1208 1329 -

210 1358 376 1429 magistratus
398 1359 548 1427 appellandi
565 1360 735 1427 frequenter,
761 1369 792 1412 ut
814 1361 941 1429 loquendi
960 1380 989 1416 v.
1009 1379 1122 1416 sersen-

210 1464 213 1478 .
237 1428 421 1500 interrogandi
444 1428 579 1497 seipsum
599 1436 626 1481 91
641 1429 822 1496 respondendi
838 1447 896 1483 non
911 1430 1030 1512 ingratae
1048 1450 1075 1486 v.
1095 1433 1123 1499 9,

213 1498 298 1563 ipsum
315 1497 440 1565 imperari
459 1513 509 1565 per
522 1514 553 1551 9.
565 1497 694 1567 optimum
712 1505 758 1551 est·
769 1502 797 1566 2,
814 1498 841 1567 5,
851 1494 883 1554 6.
899 1499 982 1568 ipsius
998 1501 1123 1554 lectionis

212 1583 243 1617 us
260 1568 367 1619 levatur
385 1571 418 1631 1,
439 1571 489 1632 12,
508 1562 534 1619 4.

210 1668 229 1703 a
246 1653 387 1705 conferant
403 1655 436 1718 7,
453 1652 488 1716 6,
506 1656 534 1704 2.

212 1761 303 1806 tamen
327 1770 477 1822 ‹puanquam
502 1754 670 1809 diversarum
687 1768 777 1807 rerum
795 1756 890 1822 quaed.
908 1756 963 1810 vic.
979 1758 1013 1822 8,
1029 1756 1061 1825 4,
1081 1762 1124 1811 12.

209 1832 305 1875 rantum
323 1822 506 1893 vitiorumque
522 1840 551 1879 v.
571 1828 596 1891 2,
617 1829 658 1888 12,
675 1822 699 1874 4.
718 1833 758 1877 991
780 1825 842 1877 huic
859 1822 938 1893 tropo
952 1829 1049 1891 99999.
1062 1845 1123 1879 cum

209 1910 223 1945 ³.
244 1894 271 1958 8,
289 1894 315 1953 6,
332 1894 375 1946 28.
401 1901 428 1945 91
444 1896 559 1969 longe
579 1909 595 1945 a
612 1893 722 1946 materia
740 1894 801 1945 duci
819 1894 969 1960 (prooemia)
986 1925 1021 1933 —
1042 1904 1069 1948 91
1087 1914 1123 1949 ex

217 1979 241 2015 9.
263 1965 289 2024 3,
308 1962 335 2025 8,
356 1962 383 2016 9.
402 1960 436 2025 as.
457 1965 483 2028 9,
496 1966 522 2031 3,
536 1964 579 2017 66.
598 1960 683 2029 (919),
703 1980 756 2031 qua
772 1963 803 2016 fit
820 1980 857 2017 ex
874 1964 1005 2018 vicinia
1024 1966 1124 2019 transi*

209 2048 260 2083 rsa
277 2039 307 2083 ut
323 2028 421 2085 similia
442 2032 472 2098 9,
490 2034 522 2099 3,
542 2032 576 2085 65
594 2034 630 2084 Ν.
650 2043 674 2083 et
692 2034 720 2084 S.
827 2050 830 2060 ·

209 2133 334 2199 tquaed.
360 2132 431 2186 inter
456 2132 619 2200 epichirema
645 2143 672 2188 91
696 2133 880 2205 syllogismum
902 2134 957 2188 vic.
977 2133 1078 2200 5,10‚
1096 2137 1123 2188 6.

225 2201 299 2254 vitiis
325 2201 380 2255 uic.
404 2204 499 2272 quaed.
524 2208 557 2272 3,
581 2210 617 2271 7,
642 2206 685 2259 25.
710 2213 872 2257 excusantur
894 2203 962 2258 vitia
984 2203 1123 2258 vicinitate

208 2270 228 2337 i,
249 2274 275 2328 5.
322 2296 326 2303 ·
508 2304 511 2309 ·

208 2359 323 2424 proprie:
358 2352 381 2408 si
405 2356 496 2411 vicina
522 2367 567 2410 tua
588 2359 684 2411 melius
710 2358 809 2411 habeat
833 2374 926 2409 aarum
949 2359 980 2423 5,
1005 2361 1053 2425 11,
1077 2360 1122 2411 28.

208 2424 283 2477 nhis
299 2425 397 2490 rebus,
415 2427 510 2494 quibus
528 2428 637 2480 nomina
655 2445 716 2480 sua
734 2435 811 2491 sunt,
827 2425 960 2480 vicinis
978 2426 1067 2493 991199
1084 2427 1124 2479 uti

207 2496 438 2562 1999991991,
463 2498 510 2548 sed
537 2514 573 2549 ex
598 2497 770 2563 diverso,
796 2494 957 2549 vicinum
983 2495 1122 2563 accipitur,
1161 2506 1167 2524 ¹

207 2579 221 2617 o
244 2563 415 2617 alliciendum
438 2565 527 2631 dicas,
552 2583 632 2634 quem
652 2565 846 2635 supplicatione
868 2563 978 2637 dignum
999 2564 1124 2632 judicaris

214 2634 286 2714 quod
310 2640 352 2685 est
375 2627 534 2687 1999991999
555 2635 674 2690 ricinum
691 2638 726 2702 9,
744 2640 780 2701 2,
798 2635 840 2689 58.
864 2634 955 2689 vicine
974 2633 1125 2702 praedictae
1142 2654 1147 2665 ⁴

207 2711 286 2757 91199
302 2705 335 2768 8,
355 2704 386 2768 3,
403 2705 448 2757 83.
476 2703 511 2766 cf.
530 2710 556 2759 7.
573 2706 616 2760 53.
640 2702 684 2759 cui
708 2704 829 2760 vicinum
854 2713 911 2771 est,
935 2719 992 2755 non
1015 2721 1125 2776 negare,

206 2774 264 2839 r6,
281 2775 316 2839 3,
334 2774 378 2827 81.

205 2874 358 2929 lementiaru
375 2875 487 2931 victoris
506 2878 615 2941 laudare
632 2878 667 2944 9,
687 2883 721 2946 1,
738 2880 782 2934 28.
808 2875 854 2946 qui
883 2894 925 2944 ap.
945 2875 1125 2929 9191999991

206 2961 222 2999 9
241 2962 272 2998 99
297 2944 357 3012 ipse
381 2944 450 2997 dicat
470 2949 519 3013 11,
539 2952 573 3013 1,
593 2947 636 3001 49.
661 2963 718 3000 999
736 2948 855 3014 99191999
876 2946 970 2999 donari
987 2963 1002 2998 a
1019 2946 1126 3001 victore

205 3016 247 3068 15.
275 3030 400 3079 9919199,
424 3015 502 3080 quale
524 3015 674 3069 uictoribus
700 3017 828 3083 componi
851 3018 920 3067 99191
944 3019 995 3080 11,
1021 3020 1055 3080 2,
1082 3019 1124 3068 11.

205 3082 311 3152 proelio
327 3081 417 3135 victor
432 3086 501 3134 Lis.
521 3086 547 3148 8,
567 3085 594 3149 6,
611 3089 655 3137 20.
672 3085 792 3138 victores
810 3085 883 3135 bello
900 3084 982 3135 duces
998 3084 1082 3149 2,16,
1097 3086 1125 3134 7.

207 3164 282 3205 tore
303 3166 361 3205 non
382 3154 501 3204 Diiovi
521 3151 591 3220 (Sp.
610 3154 706 3220 Dip'cue
725 3164 750 3204 et
769 3154 868 3220 Vejcoe
890 3170 936 3218 pro
956 3152 1078 3219 Dip'ooi
1101 3163 1126 3203 et

221 3220 310 3288 4,17
332 3224 360 3275 S.

213 3306 340 3379 litigantis
358 3316 399 3361 est
417 3292 567 3377 praemium
586 3312 618 3372 2,
637 3308 687 3373 15,
704 3308 747 3359 32.
775 3304 932 3360 convivium
948 3305 977 3358 in
994 3307 1126 3359 honorem

218 3382 312 3442 2,12.
335 3394 407 3463 puae
425 3377 515 3461 991919
539 3379 650 3430 multum
670 3377 765 3458 juvant
780 3376 938 3457 victoriam,
963 3384 1052 3456 tamen
1070 3392 1126 3429 nou

204 3483 212 3506 ,
229 3445 272 3499 44.
292 3450 326 3500 au
344 3458 412 3503 mot.
428 3457 479 3501 nrtr
497 3450 548 3514 10,
567 3452 600 3512 1,
616 3448 659 3501 29.
679 3464 732 3511 pam
748 3464 778 3498 1n
795 3448 886 3499 schola
904 3453 1127 3513 9919999999-

203 3521 220 3568 t.
238 3517 414 3584 9899919.
433 3518 518 3570 tendit
536 3515 653 3571 9119191.
670 3521 698 3583 2,
715 3515 742 3582 4,
760 3520 803 3569 32.
823 3535 846 3568 v.
859 3516 993 3568 Tendc.
1011 3515 1127 3569 uictoria
1147 3535 1153 3543 ·
1233 3558 1236 3563 ⁴

213 3590 246 3651 ¹3
265 3586 311 3654 qui
329 3586 523 3640 Victorias
541 3603 636 3639 aureas
656 3585 685 3638 in
702 3603 779 3638 usum
798 3584 862 3639 belli
880 3584 991 3639 conflari
1007 3586 1126 3651 volebat,

202 3662 222 3707 t:
240 3655 688 3723 1191991199199199199999,
707 3661 740 3724 2,
759 3657 848 3710 92Ν.

204 3776 233 3816 v.
255 3777 285 3813 se
298 3776 354 3813 uno
371 3760 400 3814 in
417 3760 509 3815 Sicilia
526 3759 645 3828 quinque
661 3760 745 3828 pedes
758 3761 866 3831 longam
877 3772 1017 3813 murenam
1028 3750 1126 3811 emisse

218 3918 284 3968 uarie
301 3927 473 3982 argumentum
490 3919 554 3967 sami
574 3914 664 3984 999911)
684 3916 719 3983 5,
738 3917 789 3981 10,
809 3917 843 3966 27
857 3914 893 3965 Ν.
912 3929 950 3965 ex
966 3911 1049 3966 obvio
1066 3911 1126 3964 iere

200 3984 321 4109 1111991982,
342 3987 393 4053 16,
411 3988 454 4041 14.
470 4002 532 4039 cnm
549 3995 576 4039 91
593 3984 699 4041 Socrati
718 3986 846 4039 collatum
861 3983 896 4035 911
912 3985 946 4034 ad
963 3981 1126 4048 91919912,

199 4137 389 4207 itlornilicins
409 4143 480 4195 hanc
505 4139 702 4194 traductionem
724 4147 820 4202 vocat,
842 4139 899 4193 vid.
921 4139 1029 4194 alterius
1046 4138 1127 4192 intel·

198 4218 280 4265 terum
300 4213 335 4278 9,
352 4212 449 4277 3,·71.
474 4226 542 4280 quos
566 4210 674 4278 quidem
694 4211 727 4264 ab
746 4208 862 4278 antiquis
887 4209 974 4264 dictos
992 4223 1125 4264 tonores
