2596 4866
10 122 81 191 i·-

10 197 258 397 lsgredicnda
284 294 494 389 videretur;
528 310 610 372 tum
636 300 866 394 singulorum
893 302 1088 377 voeabulor

10 448 136 591 'pluis
160 464 200 525 et
222 473 314 525 usus
346 470 455 523 suam
488 447 677 547 quandam
702 452 888 525 rationem
914 452 1088 529 desidera

10 600 68 715 ku
93 614 141 677 ut
167 616 203 677 te
232 624 460 699 omnesque,
500 598 635 700 quibus
668 607 724 677 uti
751 604 811 678 his
843 606 937 679 meis
969 606 1088 703 placo«

10 724 263 863 multos
298 754 438 844 velim,
477 775 527 826 nc
562 776 680 827 unam
719 768 758 830 et
793 722 955 830 eandem
992 760 1088 829 omni

10 874 169 1007 ''putium
197 908 336 983 faciem
363 905 553 1004 quandam
579 919 799 1004 expectent,
827 906 894 981 sed
918 907 1051 981 saltem
1079 930 1088 1005 1

11 1060 192 1136 madeant
215 1062 309 1151 sibi,
343 1084 406 1133 me
433 1082 510 1133 non
543 1072 685 1134 temero
708 1061 923 1135 declinasse.

10 1308 12 1313 Ι
103 1213 159 1289 At
200 1236 295 1287 vero
337 1212 413 1286 alia
456 1212 571 1287 venia
610 1211 704 1285 mihi
746 1209 962 1313 expetenda
1000 1210 1089 1286 vide

10 1366 127 1467 Opus,
158 1364 263 1479 quod
290 1366 374 1461 jam
407 1374 497 1439 ante
530 1361 599 1437 hos
631 1363 794 1463 quinque
819 1389 941 1439 annos
965 1387 1088 1463 prope]

10 1520 97 1594 dum
117 1518 169 1594 ad
184 1518 406 1591 umbilicum
425 1512 630 1590 adductum
648 1515 707 1591 'lu
721 1515 869 1610 dixisti,
895 1540 996 1593 nunc
1009 1516 1088 1617 dem

10 1674 48 1746 in
70 1674 198 1746 lucem
220 1669 365 1770 prodit,
401 1692 538 1769 quum,
569 1671 630 1745 cui
654 1669 806 1768 quidem
831 1671 886 1759 rei
912 1666 1088 1761 Quintilis

10 1786 92 1923 ipse
116 1822 227 1897 haud
245 1824 481 1912 irasceretur,
513 1823 598 1918 jam
622 1824 664 1895 iu
689 1845 834 1897 nonum
862 1822 941 1901 lero
972 1845 1088 1921 premo

20 1998 186 2064 annum,
215 1972 247 2046 si
275 1970 361 2046 inde
382 1973 429 2047 ab
460 1997 507 2046 co
531 1973 697 2073 primum
721 1972 898 2045 inchoato
927 1971 1023 2049 duco
1053 1998 1088 2049 ra

20 2150 120 2202 nem.
170 2124 225 2199 'l'u
250 2125 400 2226 quidem
425 2092 517 2200 satis
540 2127 641 2200 nosti
667 2147 797 2199 causas
819 2124 984 2200 tamdiu
1007 2136 1088 2199 extr

10 2284 88 2361 mei
112 2281 268 2355 laboris:
301 2292 396 2379 quot
420 2280 596 2355 fortunae
616 2277 762 2355 vicibus
782 2280 950 2377 jactatus
974 2277 1075 2350 intra

10 2460 127 2537 prope
156 2430 384 2507 decennium
417 2456 573 2509 acursu
597 2434 771 2507 instituto
792 2432 878 2532 plus
906 2428 1024 2505 semel
1047 2454 1088 2505 re

10 2590 124 2681 lercr,
146 2600 240 2686 quot
260 2586 360 2659 curis
385 2597 425 2660 et
446 2586 604 2683 negotiis
622 2566 865 2678 distraherer3
890 2582 957 2658 scd
972 2582 1089 2681 quidl

10 2742 56 2817 ud
71 2738 230 2816 literas?
266 2737 389 2812 'leucri
412 2736 586 2838 equidem
608 2740 862 2840 propositum,
887 2738 1088 2835 quamvisc

10 2898 141 2983 litem,
189 2908 376 2991 quantum
410 2916 507 2968 onus
536 2892 758 2999 subissem„
786 2914 903 2989 quum
939 2888 1088 2964 Hercul.

15 3046 220 3143 quendam,
248 3047 398 3143 qualem
422 3046 614 3145 aptissime
632 3042 813 3121 Matthias
834 3044 1022 3119 Gesnerus
1041 3043 1088 3117 Le

23 3198 200 3273 condendi
228 3221 383 3297 operam
410 3210 543 3291 vocat,
568 3198 736 3275 laborem
752 3196 1013 3296 suscepissem,
1035 3218 1088 3292 qu·

14 3374 90 3453 quc
112 3352 261 3427 irritum
288 3363 400 3449 atque
414 3351 596 3425 ¹inutilem
615 3374 735 3450 prope
757 3372 846 3424 eum
867 3350 950 3425 sore
970 3368 1088 3421 censer

12 3505 213 3605 tipassim
239 3514 410 3594 tantum,
450 3528 549 3603 quae
583 3501 677 3578 milii
709 3504 891 3595 liberent,
930 3523 1088 3601 quaequc

12 3658 182 3733 indolem
209 3658 371 3731 auctoris
395 3657 546 3758 proprie
570 3657 759 3755 pertinere
788 3656 883 3731 mihi
907 3656 977 3731 soli
1003 3652 1088 3728 vide

17 3822 95 3903 tor,
147 3831 416 3909 excerperem,
464 3832 587 3908 neque
624 3833 717 3884 vero
758 3835 872 3910 quam
918 3794 1088 3909 plemssir

20 3967 165 4065 copiam
191 3964 372 4041 orationis
392 3964 473 4060 ejus
497 3963 784 4061 diligentissima
802 3988 893 4040 cura
912 3982 1088 4061 exprome
