2596 4866
595 626 769 695 Praefatio.
855 644 858 649 '
1019 712 1023 717 Ι
1187 635 1263 693 ΧΠΙ

185 794 349 875 ntiiiani
363 795 408 870 in
422 818 663 900 tegumento
672 797 825 877 vetusti
835 799 925 873 libri
941 803 1053 899 apud
1063 798 1263 879 librarium

185 920 487 1023 delbergensem
511 923 565 995 ab
585 921 825 997 Hermanno
847 919 1109 1027 Reinganum
1129 906 1263 1029 reper-

185 1072 210 1136 ι,
237 1062 358 1143 atque
377 1040 423 1141 in
441 1040 628 1117 Seebodii
640 1040 823 1117 Archivo
840 1042 1089 1145 philologico
1106 1062 1147 1117 et
1167 1067 1263 1142 pae-

185 1162 307 1268 gogico
324 1190 360 1241 a.
376 1158 485 1237 1825.
502 1189 543 1263 p.
554 1168 718 1260 701-lu
735 1159 900 1256 editum,
916 1165 1022 1256 VIII,
1033 1161 1066 1234 ὅ.
1083 1162 1110 1263 I.
1128 1161 1263 1260 7-33.

185 1307 276 1361 etur
298 1284 368 1361 ille
384 1284 526 1357 Codex
541 1282 712 1359 secundi
728 1280 878 1357 ordinis
895 1283 1026 1378 fuisse,
1052 1305 1094 1358 et
1108 1281 1263 1357 tametsi

185 1406 268 1481 fiee
294 1426 494 1504 corrupta
515 1426 573 1479 est
598 1403 682 1504 ejus
705 1403 905 1504 scriptura
913 1460 926 1503 ,
956 1424 1095 1481 tamen
1114 1408 1263 1497 lfuturo

185 1527 244 1603 ori
268 1553 360 1601 non
379 1529 507 1625 plane
529 1524 605 1599 erit
624 1526 903 1629 negligendus.
948 1526 1263 1627 Toto-denique

185 1676 222 1725 re
246 1648 332 1751 jam
352 1672 484 1747 prope
506 1650 560 1720 ad
582 1644 704 1721 finem
725 1653 928 1749 perducto
957 1654 1112 1723 dudum
1137 1672 1262 1753 expe-

185 1797 258 1845 um
272 1767 451 1869 primum
472 1769 666 1843 volumen
677 1766 918 1869 Quintiliani
937 1771 988 1843 ab
1005 1771 1262 1865 H.Meyer0

185 1888 322 1965 icensi
360 1894 443 1963 hoe
486 1892 655 1963 tandem
702 1913 814 1965 anno
856 1890 1031 1984 editum,
1065 1911 1264 1991 quattuor

185 2037 252 2087 tos
267 2009 392 2083 libros
408 2011 634 2103 continens,
650 2032 795 2085 nactus
816 2036 921 2106 sum3
948 2011 1015 2087 oui
1030 2011 1131 2104 viro,
1145 2006 1263 2083 Lati-

185 2159 253 2207 um
289 2130 496 2205 literarum
529 2130 714 2205 studiosis
738 2131 819 2228 jam
844 2131 938 2206 satis
960 2153 1077 2226 noto,
1102 2151 1263 2233 praeter

185 2271 343 2329 statam
364 2250 582 2325 doctrinam
601 2277 714 2329 nova
730 2254 967 2353 adjumenta
989 2253 1129 2329 critica
1144 2275 1262 2353 prae-

200 2372 393 2445 fuerunt:
415 2395 518 2447 nova
545 2394 588 2447 et
615 2372 913 2447 accuratissima
928 2372 1159 2448 Turioensis
1184 2352 1263 2445 Co-

184 2493 214 2567 is
234 2489 396 2567 collatio
417 2512 458 2565 et
481 2493 649 2569 Codex
675 2494 841 2595 quidam
864 2489 1263 2597 Lassbergensis,

185 2644 228 2691 tn
243 2612 418 2689 maxima
426 2615 550 2687 laude
566 2615 733 2719 dignum
749 2637 876 2717 atque
889 2616 933 2692 in
950 2614 1109 2717 optimis
1123 2610 1263 2687 lectio·

185 2765 221 2813 ts
235 2738 431 2813 ferocum
445 2735 716 2812 Ambrosiano
732 2741 763 2815 1.
787 2738 1018 2815 consentire
1038 2736 1122 2839 ipse
1144 2732 1263 2827 dixit3

185 2884 310 2934 amus
330 2856 455 2961 igitur
469 2862 582 2931 huno
607 2859 756 2932 librum
777 2859 951 2935 maximo
974 2859 1065 2933 usui
1080 2861 1263 2933 futurum

185 3009 212 3077 s,
240 2978 393 3081 quibus
416 2980 469 3052 ab
483 2976 755 3054 Ambrosiano
770 2977 857 3080 ipso
878 2980 1144 3074 destituimur,
1170 3001 1263 3079 par-

187 3130 216 3179 s.

199 3226 413 3325 Congesta
435 3220 560 3325 igitur
587 3222 774 3325 undique
803 3220 972 3297 materia
1001 3246 1136 3298 meum
1164 3242 1263 3321 oput

185 3346 194 3420 i
216 3366 312 3419 erat
329 3348 670 3419 construendum:
698 3344 900 3449 'discerpta
914 3365 956 3419 et
972 3343 1132 3421 divulsa
1144 3364 1263 3455 ment·

206 3463 416 3564 scriptoris
441 3462 485 3537 in
517 3490 675 3541 novum
710 3471 936 3570 regerenda
969 3465 1172 3557 ordinem,
1197 3460 1263 3561 qui

185 3610 247 3661 eet
259 3584 426 3661 ratione
440 3605 540 3659 esset
555 3587 811 3688 compositus,
832 3608 873 3683 ep
888 3613 1011 3689 quam
1034 3584 1263 3661 facillimum

185 3707 317 3782 ntibus
359 3708 575 3807 praeberet
609 3714 867 3811 adspectum,
904 3733 1106 3810 usumque
1145 3730 1263 3809 quam

185 3830 283 3907 rime
322 3826 546 3929 expediret.
598 3830 676 3907 Sed
701 3858 830 3932 quum
863 3830 958 3905 mihi
996 3836 1050 3904 ad
1082 3827 1263 3907 Lexioon

187 3956 379 4026 (lendum
395 3974 484 4023 non
498 3950 712 4028 universae
733 3952 899 4057 linguae
910 3952 1089 4027 Latinae
1102 3968 1263 4052 parata<

186 4095 237 4147 nt
265 4097 380 4174 opes,
404 4076 473 4147 sed
493 4072 616 4147 unius
634 4094 796 4149 tantum
811 4073 1035 4176 scriptoris,
1051 4099 1140 4148 non
1156 4090 1259 4171 potu

185 4220 299 4271 mum
334 4192 679 4298 significationum
713 4222 948 4273 connexum
980 4197 1263 4291 vocabulorun

185 4314 321 4419 sequi,
349 4321 420 4390 sed
443 4315 623 4391 indicare
657 4340 837 4413 tantum,
867 4345 994 4419 quam
1027 4318 1129 4409 vim,
1153 4336 1263 4413 quen

185 4468 225 4516 m
240 4438 410 4543 singula
424 4441 550 4519 verba
564 4461 604 4515 et
620 4441 847 4519 locutiones
862 4440 940 4518 suis
958 4438 1056 4517 locis
1068 4439 1263 4513 haberent
