2596 4866
373 39 403 65 ll·
421 39 587 63 ῦιιιιιιιιῦιιιιιι
610 39 638 73 υ,
655 39 682 75 υ,
700 39 744 63 w·
761 39 789 60 ιιι
805 39 857 61 anuo
876 39 1045 75 [ιιυγιιιῑιιιιιιι
1066 39 1168 75 ottonem,
1192 39 1268 77 ιιιιαυ

374 94 428 150 que
446 74 501 131 rei
514 77 598 129 utitur
613 78 641 141 8,
658 80 685 143 2,
704 80 729 131 3.
763 78 799 129 de
817 76 957 147 nonnius
975 78 1001 141 5,
1020 80 1062 144 10,
1080 78 1124 132 75.
1142 78 1172 139 b)
1189 80 1227 131 de
1243 98 1285 131 eo

356 153 440 213 ‚riez
467 146 544 213 mtjus
561 146 672 197 nomine
687 146 775 216 egitur
791 150 818 211 7,
838 150 864 209 1,
881 149 924 199 20.
947 148 1021 213 cujus
1041 162 1068 197 ιι.
1084 144 1173 217 iitigtm
1188 144 1219 212 4,
1237 145 1266 213 4,

373 216 450 281 tetis,
476 214 654 282 parsimoniae
678 225 723 266 etc.
744 214 770 277 4,
796 220 822 277 2,
849 220 892 268 77.
918 215 1030 281 proemii
1050 232 1077 265 n.
1095 220 1121 280 7,
1138 214 1277 279 1,42.“111

372 304 401 339 ιι.
422 284 572 337 delectandi
590 284 648 334 sive
668 284 828 335 conciliandi
851 293 987 350 praestare
1013 284 1131 335 osticium
1156 289 1200 350 12,
1229 290 1273 351 10,

373 363 429 421 est,
455 355 527 421 quod
548 354 663 405 tiendum
682 369 743 405 uteo
761 370 800 418 ιι.,
818 370 896 420 tutum
916 356 988 420 qnod
1005 353 1075 404 iltius
1098 356 1269 425 gaudendum
1297 384 1298 399 2

372 426 494 493 placere,
519 438 587 489 quoe
603 424 672 473 bene.
692 422 775 487 dicet,
801 440 857 474 non
875 439 924 474 nuo
948 424 1031 489 magis
1057 440 1138 489 ([ιιιιιι
1166 438 1264 475 eorum
1297 460 1298 464 ,

373 492 420 561 qni
438 501 512 543 recte
529 491 684 558 judicabunt
701 496 725 555 2,
745 496 772 556 2,
792 496 834 543 131.
861 492 941 543 etium
962 508 1011 542 suo
1031 509 1057 542 n.
1078 493 1148 542 solet
1167 509 1229 544 esse
1250 494 1297 561 jue

372 562 430 627 tos)
447 564 474 624 9,
492 561 520 624 4,
542 561 575 612 58
595 561 629 611 N.
650 576 703 627 quo
723 578 749 610 n.
767 561 851 631 gratia
870 576 977 627 quoque
996 561 1028 611 iis
1046 568 1087 611 est
1105 563 1231 613 habendo
1249 567 1276 626 2,

444 631 478 693 11)
500 631 602 679 borninis
624 634 775 694 npprttntio:
801 630 828 696 α)
847 648 873 681 ιι.
892 631 942 681 sibi
967 630 1205 681 insolentissinuun
1229 648 1294 683 nrro

374 699 427 752 soli
447 697 593 766 sapientiae
610 697 721 748 studiosi
742 707 905 751 vocarentur
924 701 968 750 Pr.
989 697 1033 750 14.
1050 717 1079 753 n.
1102 699 1191 766 ipsum
1218 717 1297 751 occu

372 768 518 833 1ιί112,’7,
540 772 564 818 1.
600 776 629 817 ut
648 766 704 819 (tic.
730 769 781 829 jaun
809 784 862 820 non
880 766 996 820 hominis
1012 786 1039 829 n.
1057 770 1105 820 sed
1123 771 1298 836 eloquentia

374 845 401 904 1,
425 842 483 889 112.
506 835 539 899 es.
559 838 586 901 8,
605 842 632 900 2,
651 840 693 888 13.
730 838 793 888 tecit
814 855 840 888 n.
862 837 979 904 parentis
1000 837 1055 887 sdio
1073 836 1240 889 invidiosum
1260 844 1292 891 11

373 915 486 961 ruerunt
504 921 531 956 n.
551 914 725 971 patronorum
741 907 767 969 o,
785 904 812 970 4,
832 907 857 958 5.
890 908 963 957 unde
985 923 1012 957 n.
1035 905 1077 957 tris
1100 907 1295 977 pragmaticort

374 981 417 1042 12,
435 981 461 1042 3,
479 974 505 1026 4.
540 974 667 1041 sapientis
684 975 733 1025 sibi
753 992 778 1026 n.
797 976 908 1027 asseruit
926 980 968 1041 12,
996 980 1021 1039 1,
1045 980 1088 1027 20.
1112 975 1163 1028 vix
1186 977 1262 1042 scin,

372 1048 453 1109 hujus
471 1062 498 1096 n.
519 1044 609 1095 locum
629 1048 670 1108 12,
688 1049 715 1108 7,
733 1042 759 1096 4.
794 1061 845 1095 neo
870 1045 993 1096 omnibus
1017 1074 1053 1084 —
1076 1044 1130 1097 viri
1157 1046 1237 1097 sortis
1263 1064 1291 1098 n.

373 1122 416 1180 12,
438 1119 463 1178 1,
480 1116 523 1167 23.
545 1112 709 1179 proditorem
727 1124 774 1164 etc.
794 1114 951 1165 donabimus
973 1112 1088 1165 oratoris
1104 1114 1152 1167 ilio
1171 1130 1250 1167 sacro
1269 1132 1289 1167 ιι

371 1186 547 1252 iosophorum
566 1181 673 1233 nomine
694 1183 763 1233 mele
783 1191 895 1234 utuntur
913 1187 938 1246 2,
958 1184 999 1247 iti,
1018 1184 1043 1235 5.
1062 1181 1094 1249 ti)
1113 1188 1131 1234 i.
1149 1204 1172 1251 q.
1192 1188 1285 1235 exist

371 1273 435 1307 mo.-
460 1250 584 1303 omnibus
605 1252 690 1317 ejusd.
710 1250 800 1315 operio
825 1252 978 1305 auctoribus
1000 1252 1108 1303 abstulit
1132 1268 1234 1305 nomen
1264 1259 1293 1304 tt

373 1338 442 1392 quoe
460 1338 488 1373 ιι.
507 1328 549 1373 est
567 1328 702 1371 assecutus
722 1323 765 1384 10,
784 1326 810 1388 1,
827 1324 871 1373 87.
905 1321 1005 1385 primus
1024 1321 1088 1373 olori
1116 1338 1146 1373 ιι.
1170 1324 1297 1388 professo

373 1408 435 1445 oum
454 1392 508 1456 jem
527 1393 626 1441 ciorum
649 1388 790 1441 meruisset
818 1390 889 1442 inter
907 1401 1034 1458 patronos
1052 1407 1080 1441 n.
1105 1394 1147 1456 12,
1171 1392 1203 1455 e,
1228 1397 1255 1444 7.

372 1460 549 1513 oterisdmum
568 1475 596 1509 ιι.
616 1458 730 1533 oratoris
748 1476 790 1524 ap.
807 1469 930 1525 posteros
954 1461 1026 1511 toret
1052 1462 1095 1524 10,
1115 1464 1139 1524 1,
1160 1464 1219 1512 120.
1237 1478 1279 1511 mn

370 1545 448 1583 tores
466 1532 492 1593 2,
513 1530 555 1590 11,
577 1531 602 1579 1.
635 1528 729 1579 umbro
748 1528 839 1597 magni
863 1546 891 1580 n.
924 1530 1086 1580 delitescunt
1110 1534 1160 1594 12,
1192 1532 1241 1593 10,·
1264 1534 1297 1583 15

374 1608 422 1651 ete.
441 1596 599 1651 donabimus
617 1596 731 1648 oratoris
751 1596 800 1648 ilto
819 1612 897 1650 sacro
915 1598 961 1650 ιι.2
983 1604 1026 1663 12,
1045 1602 1070 1660 1,
1091 1597 1141 1661 24,
1160 1598 1298 1665 pervenis

372 1682 402 1718 ιι.
424 1663 525 1735 ingenii
543 1665 570 1730 6,
591 1668 618 1728 2,
638 1664 681 1715 36.
717 1666 806 1716 claros
826 1666 934 1719 nomine
952 1667 1098 1734 sapientiae
1114 1667 1191 1721 viros
1221 1671 1246 1734 1,
1271 1674 1298 1719 tt

372 1752 417 1787 me
434 1742 547 1787 movent
566 1750 592 1786 n.
610 1732 656 1785 issa
676 1734 703 1798 9,
723 1738 749 1798 t,
766 1739 809 1788 22.
845 1736 873 1803 γ)
893 1739 925 1787 de
949 1740 1086 1791 nominibus
1107 1740 1231 1803 propriis.-
1264 1754 1298 1804 pt

373 1820 515 1867 nomen,
542 1818 735 1873 cognomen
752 1804 861 1871 proprio
877 1804 957 1857 liberi
973 1811 1000 1869 7,
1020 1809 1047 1869 8,
1072 1810 1118 1858 27.
1157 1806 1297 1857 nominum

373 1873 401 1938 4,
419 1876 460 1925 25.
481 1873 663 1941 etymologine
684 1872 817 1935 subjicere
834 1890 942 1927 omnem
958 1874 1075 1927 nominis
1095 1891 1204 1926 cansam
1225 1880 1248 1939 1,
1266 1876 1292 1935 tt,

367 1952 403 1996 ·et
420 1942 477 2008 ipso
495 1945 627 2009 quorund.
646 1941 784 1993 nominum
802 1952 866 1995 note
891 1952 933 1996 est
959 1948 984 2011 1,
1004 1944 1032 2009 4,
1049 1946 1084 2009 ,9.
1119 1960 1146 1995 ιι.
1172 1944 1201 1996 in
1225 1960 1291 2015 orgu

374 2010 460 2065 oeriit:
486 2011 616 2077 obicum
634 2020 679 2064 out
696 2028 731 2063 ex
752 2029 833 2063 carrea
851 2013 939 2065 datum
960 2021 1001 2066 est
1017 2038 1053 2047 -
1069 2020 1115 2064 eut
1142 2021 1170 2064 et
1192 2012 1280 2079 ipsum

373 2080 511 2153 gitationie
528 2082 616 2132 attulit
633 2096 738 2133 caueam
758 2084 784 2147 5,
807 2085 849 2145 10,
867 2084 904 2135 30
920 2084 955 2134 Ν.
991 2092 1021 2134 ut
1040 2080 1068 2133 id
1092 2082 1239 2134 memoriae
1262 2084 1298 2134 att

279 2152 283 2159 '
374 2158 439 2201 eunt
457 2149 567 2211 nomina
589 2154 632 2214 11,
657 2155 683 2214 2,
701 2154 745 2203 31.
784 2151 875 2202 Gallus
902 2168 936 2202 an
962 2160 1120 2221 gentem,
1145 2168 1180 2203 en
1209 2168 1285 2203 nom

356 2218 402 2282 Ι7,
421 2222 448 2283 9,
467 2222 492 2269 2.
510 2227 642 2271 amotores
663 2218 740 2271 istius
759 2236 787 2271 ιι.
809 2224 851 2285 12,
871 2224 913 2284 td,
930 2225 974 2272 21.
1009 2235 1092 2288 parco
1115 2220 1271 2273 nominibus

375 2293 401 2353 1,
421 2291 465 2339 21.
501 2288 621 2354 undique
637 2298 815 2359 congerentes
833 2289 944 2342 nomina
965 2290 1142 2358 plurimorum
1165 2296 1270 2356 poetam

372 2372 473 2409 nomon
493 2356 672 2408 inctanubnnt
694 2364 780 2411 Coei.
799 2356 826 2423 4,
845 2364 872 2421 2,
891 2360 951 2411 124.
986 2358 1009 2411 si
1027 2357 1101 2410 eliud
1118 2368 1297 2425 occeperunt,

372 2426 522 2478 habuerant
540 2442 566 2478 n.
588 2432 615 2487 tt,
635 2431 659 2490 1,
677 2429 703 2479 8.
725 2444 752 2477 ιι.
772 2444 809 2481 ex
828 2444 862 2481 eo
884 2426 1001 2481 traxisse
1030 2428 1128 2481 dicitur
1149 2430 1296 2495 tttteoptrt

373 2497 418 2549 83.
454 2496 640 2547 controversia
657 2496 779 2547 consistit
798 2497 827 2548 in
845 2497 972 2554 nomine.
998 2499 1069 2554 duod
1087 2500 1186 2554 nendet
1204 2514 1241 2549 ex
1259 2515 1298 2550 ιο
