<?xml version="1.0" encoding="UTF-8"?>
<!DOCTYPE html PUBLIC "-//W3C//DTD XHTML 1.0 Transitional//EN"
    "http://www.w3.org/TR/xhtml1/DTD/xhtml1-transitional.dtd">
<html xmlns="http://www.w3.org/1999/xhtml" xml:lang="en" lang="en">
 <head>
  <title>
</title>
<meta http-equiv="Content-Type" content="text/html;charset=utf-8" />
  <meta name='ocr-system' content='tesseract 3.04.00' />
  <meta name='ocr-capabilities' content='ocr_page ocr_carea ocr_par ocr_line ocrx_word'/>
</head>
<body>
  <div class='ocr_page' id='page_1' title='image "./mfabiiquintilia01bonngoog_0024.png"; bbox 0 0 2596 4866; ppageno 0'>
   <div class='ocr_carea' id='block_1_1' title="bbox 1140 344 1156 373">
    <p class='ocr_par' dir='ltr' id='par_1_1' title="bbox 1140 344 1156 373">
     <span class='ocr_line' id='line_1_1' title="bbox 1140 344 1156 373; baseline 0 0"><span class='ocrx_word' id='word_1_1' title='bbox 1140 344 1156 373; x_wconf 73' lang='grc' dir='ltr'><strong><em>Υ</em></strong></span> 
     </span>
    </p>
   </div>
   <div class='ocr_carea' id='block_1_2' title="bbox 97 346 775 421">
    <p class='ocr_par' dir='ltr' id='par_1_2' title="bbox 97 346 775 421">
     <span class='ocr_line' id='line_1_2' title="bbox 97 346 775 421; baseline -0.006 -1"><span class='ocrx_word' id='word_1_2' title='bbox 97 346 196 421; x_wconf 65' lang='lat' dir='ltr'>xlm</span> <span class='ocrx_word' id='word_1_3' title='bbox 601 351 775 419; x_wconf 80' lang='lat' dir='ltr'>Praelatio.</span> 
     </span>
    </p>
   </div>
   <div class='ocr_carea' id='block_1_3' title="bbox 8 521 1298 4269">
    <p class='ocr_par' dir='ltr' id='par_1_3' title="bbox 101 521 1298 873">
     <span class='ocr_line' id='line_1_3' title="bbox 103 521 1298 629; baseline -0.008 -22"><span class='ocrx_word' id='word_1_4' title='bbox 103 558 153 606; x_wconf 86' lang='lat' dir='ltr'>ac</span> <span class='ocrx_word' id='word_1_5' title='bbox 176 553 296 629; x_wconf 81' lang='lat' dir='ltr'>saepe</span> <span class='ocrx_word' id='word_1_6' title='bbox 315 552 369 602; x_wconf 91' lang='lat' dir='ltr'>ne</span> <span class='ocrx_word' id='word_1_7' title='bbox 391 522 572 601; x_wconf 91' lang='lat' dir='ltr'>indicare</span> <span class='ocrx_word' id='word_1_8' title='bbox 598 522 765 625; x_wconf 83' lang='lat' dir='ltr'>quidem</span> <span class='ocrx_word' id='word_1_9' title='bbox 788 527 909 615; x_wconf 84' lang='lat' dir='ltr'>haec,</span> <span class='ocrx_word' id='word_1_10' title='bbox 936 526 1007 597; x_wconf 91' lang='lat' dir='ltr'>sed</span> <span class='ocrx_word' id='word_1_11' title='bbox 1033 521 1216 626; x_wconf 85' lang='lat' dir='ltr'>legentib</span> <span class='ocrx_word' id='word_1_12' title='bbox 1244 579 1298 613; x_wconf 65' lang='lat'>‚.</span> 
     </span>
     <span class='ocr_line' id='line_1_4' title="bbox 101 644 1263 753; baseline -0.007 -28"><span class='ocrx_word' id='word_1_13' title='bbox 101 648 353 753; x_wconf 88' lang='lat' dir='ltr'>permittere,-</span> <span class='ocrx_word' id='word_1_14' title='bbox 378 670 432 721; x_wconf 86' lang='lat' dir='ltr'>ne</span> <span class='ocrx_word' id='word_1_15' title='bbox 454 648 577 719; x_wconf 88' lang='lat' dir='ltr'>moles</span> <span class='ocrx_word' id='word_1_16' title='bbox 601 645 691 718; x_wconf 83' lang='lat' dir='ltr'><strong>libri</strong></span> <span class='ocrx_word' id='word_1_17' title='bbox 716 644 760 718; x_wconf 90' lang='lat' dir='ltr'>in</span> <span class='ocrx_word' id='word_1_18' title='bbox 780 647 1016 717; x_wconf 88' lang='lat' dir='ltr'>immensum</span> <span class='ocrx_word' id='word_1_19' title='bbox 1043 656 1263 720; x_wconf 85' lang='lat' dir='ltr'>cresceret</span> 
     </span>
     <span class='ocr_line' id='line_1_5' title="bbox 103 762 1258 873; baseline -0.009 -24"><span class='ocrx_word' id='word_1_20' title='bbox 103 771 194 849; x_wconf 86' lang='lat' dir='ltr'>satis</span> <span class='ocrx_word' id='word_1_21' title='bbox 216 769 341 873; x_wconf 78' lang='lat' dir='ltr'>igitur</span> <span class='ocrx_word' id='word_1_22' title='bbox 364 769 607 868; x_wconf 90' lang='lat' dir='ltr'>plerumque</span> <span class='ocrx_word' id='word_1_23' title='bbox 633 764 777 859; x_wconf 81' lang='lat' dir='ltr'>hab‘ui,</span> <span class='ocrx_word' id='word_1_24' title='bbox 805 763 984 842; x_wconf 88' lang='lat' dir='ltr'>breviter</span> <span class='ocrx_word' id='word_1_25' title='bbox 1007 762 1258 868; x_wconf 85' lang='lat' dir='ltr'>significas</span> 
     </span>
    </p>

    <p class='ocr_par' dir='ltr' id='par_1_4' title="bbox 49 874 1298 1705">
     <span class='ocr_line' id='line_1_6' title="bbox 103 874 1284 993; baseline -0.003 -29"><span class='ocrx_word' id='word_1_26' title='bbox 103 917 212 992; x_wconf 88' lang='lat' dir='ltr'>quae</span> <span class='ocrx_word' id='word_1_27' title='bbox 225 894 404 993; x_wconf 84' lang='lat' dir='ltr'>legentes</span> <span class='ocrx_word' id='word_1_28' title='bbox 420 904 565 986; x_wconf 91' lang='lat' dir='ltr'>sponte</span> <span class='ocrx_word' id='word_1_29' title='bbox 579 887 857 961; x_wconf 81' lang='lat' dir='ltr'>intellecturos</span> <span class='ocrx_word' id='word_1_30' title='bbox 879 887 1110 979; x_wconf 79' lang='lat' dir='ltr'>credebam,</span> <span class='ocrx_word' id='word_1_31' title='bbox 1135 874 1284 969; x_wconf 52' lang='lat' dir='ltr'>doctfif</span> 
     </span>
     <span class='ocr_line' id='line_1_7' title="bbox 75 1005 1293 1099; baseline -0.007 -10"><span class='ocrx_word' id='word_1_32' title='bbox 75 1011 211 1089; x_wconf 79' lang='lat' dir='ltr'>enim</span> <span class='ocrx_word' id='word_1_33' title='bbox 250 1008 492 1099; x_wconf 80' lang='lat' dir='ltr'>scribebam,</span> <span class='ocrx_word' id='word_1_34' title='bbox 524 1033 614 1082; x_wconf 90' lang='lat' dir='ltr'>non</span> <span class='ocrx_word' id='word_1_35' title='bbox 644 1006 901 1082; x_wconf 85' lang='lat' dir='ltr'>discentibus.</span> <span class='ocrx_word' id='word_1_36' title='bbox 953 1005 1133 1081; x_wconf 85' lang='lat' dir='ltr'>Maxime</span> <span class='ocrx_word' id='word_1_37' title='bbox 1163 1006 1293 1081; x_wconf 62' lang='lat' dir='ltr'>verol‘*</span> 
     </span>
     <span class='ocr_line' id='line_1_8' title="bbox 104 1114 1293 1231; baseline -0.009 -22"><span class='ocrx_word' id='word_1_38' title='bbox 104 1129 254 1224; x_wconf 91' lang='lat' dir='ltr'>studui,</span> <span class='ocrx_word' id='word_1_39' title='bbox 278 1148 327 1203; x_wconf 89' lang='lat' dir='ltr'>ut</span> <span class='ocrx_word' id='word_1_40' title='bbox 349 1133 498 1231; x_wconf 87' lang='lat' dir='ltr'>planus</span> <span class='ocrx_word' id='word_1_41' title='bbox 520 1150 562 1202; x_wconf 88' lang='lat' dir='ltr'>et</span> <span class='ocrx_word' id='word_1_42' title='bbox 584 1128 711 1203; x_wconf 90' lang='lat' dir='ltr'>facilis</span> <span class='ocrx_word' id='word_1_43' title='bbox 735 1120 810 1228; x_wconf 83' lang='lat' dir='ltr'>per</span> <span class='ocrx_word' id='word_1_44' title='bbox 828 1127 988 1231; x_wconf 88' lang='lat' dir='ltr'>singula</span> <span class='ocrx_word' id='word_1_45' title='bbox 1004 1148 1105 1203; x_wconf 88' lang='lat' dir='ltr'>esset</span> <span class='ocrx_word' id='word_1_46' title='bbox 1126 1148 1265 1200; x_wconf 87' lang='lat' dir='ltr'>cursus</span> <span class='ocrx_word' id='word_1_47' title='bbox 1273 1114 1293 1179; x_wconf 51' lang='grc' dir='ltr'>’τ’</span> 
     </span>
     <span class='ocr_line' id='line_1_9' title="bbox 49 1238 1297 1351; baseline -0.006 -22"><span class='ocrx_word' id='word_1_48' title='bbox 49 1238 52 1242; x_wconf 7' lang='lat' dir='ltr'>A</span> <span class='ocrx_word' id='word_1_49' title='bbox 102 1249 291 1329; x_wconf 86' lang='lat' dir='ltr'>Lexicon</span> <span class='ocrx_word' id='word_1_50' title='bbox 332 1249 687 1351; x_wconf 82' lang='lat' dir='ltr'>perlustrantibus:</span> <span class='ocrx_word' id='word_1_51' title='bbox 724 1248 866 1350; x_wconf 88' lang='lat' dir='ltr'>itaque</span> <span class='ocrx_word' id='word_1_52' title='bbox 897 1249 1030 1325; x_wconf 88' lang='lat' dir='ltr'>varias</span> <span class='ocrx_word' id='word_1_53' title='bbox 1063 1244 1297 1349; x_wconf 71' lang='lat' dir='ltr'>significa-¹².</span> 
     </span>
     <span class='ocr_line' id='line_1_10' title="bbox 49 1348 1297 1481; baseline -0.003 -34"><span class='ocrx_word' id='word_1_54' title='bbox 49 1372 59 1380; x_wconf 76' lang='grc'><em>’</em></span> <span class='ocrx_word' id='word_1_55' title='bbox 104 1374 246 1464; x_wconf 86' lang='lat' dir='ltr'>tiones,</span> <span class='ocrx_word' id='word_1_56' title='bbox 261 1370 333 1445; x_wconf 92' lang='lat' dir='ltr'>ubi</span> <span class='ocrx_word' id='word_1_57' title='bbox 347 1370 506 1465; x_wconf 84' lang='lat' dir='ltr'>licebat,</span> <span class='ocrx_word' id='word_1_58' title='bbox 523 1374 871 1471; x_wconf 83' lang='lat' dir='ltr'>comprehendens</span> <span class='ocrx_word' id='word_1_59' title='bbox 892 1389 932 1444; x_wconf 89' lang='lat' dir='ltr'>et</span> <span class='ocrx_word' id='word_1_60' title='bbox 947 1369 1145 1443; x_wconf 86' lang='lat' dir='ltr'>flexiones</span> <span class='ocrx_word' id='word_1_61' title='bbox 1167 1348 1297 1481; x_wconf 53' lang='lat' dir='ltr'>con-iffi²</span> 
     </span>
     <span class='ocr_line' id='line_1_11' title="bbox 106 1490 1293 1593; baseline -0.004 -25"><span class='ocrx_word' id='word_1_62' title='bbox 106 1492 431 1591; x_wconf 85' lang='lat' dir='ltr'>structionesque</span> <span class='ocrx_word' id='word_1_63' title='bbox 477 1491 775 1566; x_wconf 89' lang='lat' dir='ltr'>vocabulorum</span> <span class='ocrx_word' id='word_1_64' title='bbox 814 1490 1063 1593; x_wconf 81' lang='lat' dir='ltr'>potissimum</span> <span class='ocrx_word' id='word_1_65' title='bbox 1102 1496 1293 1564; x_wconf 68' lang='lat' dir='ltr'>secutul-</span> 
     </span>
     <span class='ocr_line' id='line_1_12' title="bbox 105 1606 1265 1705; baseline -0.006 -17"><span class='ocrx_word' id='word_1_66' title='bbox 105 1613 326 1688; x_wconf 88' lang='lat' dir='ltr'>Nominum</span> <span class='ocrx_word' id='word_1_67' title='bbox 353 1613 475 1685; x_wconf 86' lang='lat' dir='ltr'>Casus</span> <span class='ocrx_word' id='word_1_68' title='bbox 503 1632 543 1684; x_wconf 87' lang='lat' dir='ltr'>ct</span> <span class='ocrx_word' id='word_1_69' title='bbox 565 1612 794 1687; x_wconf 88' lang='lat' dir='ltr'>Verborum</span> <span class='ocrx_word' id='word_1_70' title='bbox 820 1606 983 1686; x_wconf 81' lang='lat' dir='ltr'>Genera</span> <span class='ocrx_word' id='word_1_71' title='bbox 1009 1610 1204 1705; x_wconf 85' lang='lat' dir='ltr'>discrevi,</span> <span class='ocrx_word' id='word_1_72' title='bbox 1226 1616 1265 1681; x_wconf 72' lang='lat' dir='ltr'>et</span> 
     </span>
    </p>

    <p class='ocr_par' dir='ltr' id='par_1_5' title="bbox 106 1731 1266 1834">
     <span class='ocr_line' id='line_1_13' title="bbox 106 1731 1266 1834; baseline -0.003 -27"><span class='ocrx_word' id='word_1_73' title='bbox 106 1732 348 1834; x_wconf 86' lang='lat' dir='ltr'>quibuscum</span> <span class='ocrx_word' id='word_1_74' title='bbox 381 1733 451 1804; x_wconf 90' lang='lat' dir='ltr'>illa</span> <span class='ocrx_word' id='word_1_75' title='bbox 482 1731 751 1834; x_wconf 85' lang='lat' dir='ltr'>jungerentur</span> <span class='ocrx_word' id='word_1_76' title='bbox 776 1731 1002 1834; x_wconf 83' lang='lat' dir='ltr'>Appositis,</span> <span class='ocrx_word' id='word_1_77' title='bbox 1033 1758 1140 1833; x_wconf 88' lang='lat' dir='ltr'>quos</span> <span class='ocrx_word' id='word_1_78' title='bbox 1166 1738 1266 1805; x_wconf 89' lang='lat' dir='ltr'>haec</span> 
     </span>
    </p>

    <p class='ocr_par' dir='ltr' id='par_1_6' title="bbox 105 1851 1267 1956">
     <span class='ocr_line' id='line_1_14' title="bbox 105 1851 1267 1956; baseline 0 -29"><span class='ocrx_word' id='word_1_79' title='bbox 105 1876 294 1956; x_wconf 81' lang='lat' dir='ltr'>regerent</span> <span class='ocrx_word' id='word_1_80' title='bbox 311 1855 446 1945; x_wconf 88' lang='lat' dir='ltr'>Casus,</span> <span class='ocrx_word' id='word_1_81' title='bbox 467 1851 637 1927; x_wconf 89' lang='lat' dir='ltr'>ostendi.</span> <span class='ocrx_word' id='word_1_82' title='bbox 689 1852 739 1925; x_wconf 92' lang='lat' dir='ltr'>In</span> <span class='ocrx_word' id='word_1_83' title='bbox 755 1878 840 1953; x_wconf 84' lang='lat' dir='ltr'>qua</span> <span class='ocrx_word' id='word_1_84' title='bbox 854 1874 994 1928; x_wconf 87' lang='lat' dir='ltr'>tamen</span> <span class='ocrx_word' id='word_1_85' title='bbox 1008 1879 1053 1927; x_wconf 92' lang='lat' dir='ltr'>re</span> <span class='ocrx_word' id='word_1_86' title='bbox 1066 1856 1267 1927; x_wconf 89' lang='lat' dir='ltr'>lectorum</span> 
     </span>
    </p>

    <p class='ocr_par' dir='ltr' id='par_1_7' title="bbox 107 1970 1282 2195">
     <span class='ocr_line' id='line_1_15' title="bbox 107 1970 1282 2075; baseline -0.003 -28"><span class='ocrx_word' id='word_1_87' title='bbox 107 1974 262 2047; x_wconf 88' lang='lat' dir='ltr'>animos</span> <span class='ocrx_word' id='word_1_88' title='bbox 279 1977 465 2047; x_wconf 91' lang='lat' dir='ltr'>hocloco</span> <span class='ocrx_word' id='word_1_89' title='bbox 480 1970 654 2046; x_wconf 89' lang='lat' dir='ltr'>monitos</span> <span class='ocrx_word' id='word_1_90' title='bbox 670 1971 803 2068; x_wconf 86' lang='lat' dir='ltr'>velim,</span> <span class='ocrx_word' id='word_1_91' title='bbox 828 2002 903 2068; x_wconf 88' lang='lat' dir='ltr'>me,</span> <span class='ocrx_word' id='word_1_92' title='bbox 929 2001 1058 2075; x_wconf 91' lang='lat' dir='ltr'>quum</span> <span class='ocrx_word' id='word_1_93' title='bbox 1071 1974 1282 2075; x_wconf 31' lang='lat' dir='ltr'>Nomina-¹</span> 
     </span>
     <span class='ocr_line' id='line_1_16' title="bbox 107 2090 1267 2195; baseline 0.002 -30"><span class='ocrx_word' id='word_1_94' title='bbox 107 2095 239 2170; x_wconf 90' lang='lat' dir='ltr'>tivum</span> <span class='ocrx_word' id='word_1_95' title='bbox 279 2116 320 2171; x_wconf 90' lang='lat' dir='ltr'>et</span> <span class='ocrx_word' id='word_1_96' title='bbox 354 2093 650 2170; x_wconf 89' lang='lat' dir='ltr'>Accusativum</span> <span class='ocrx_word' id='word_1_97' title='bbox 690 2093 932 2195; x_wconf 87' lang='lat' dir='ltr'>scripserim,</span> <span class='ocrx_word' id='word_1_98' title='bbox 976 2096 1058 2174; x_wconf 89' lang='lat' dir='ltr'>vim</span> <span class='ocrx_word' id='word_1_99' title='bbox 1092 2090 1267 2171; x_wconf 83' lang='lat' dir='ltr'>Casuum</span> 
     </span>
    </p>

    <p class='ocr_par' dir='ltr' id='par_1_8' title="bbox 108 2219 1268 2317">
     <span class='ocr_line' id='line_1_17' title="bbox 108 2219 1268 2317; baseline 0.002 -30"><span class='ocrx_word' id='word_1_100' title='bbox 108 2221 253 2291; x_wconf 89' lang='lat' dir='ltr'>horum</span> <span class='ocrx_word' id='word_1_101' title='bbox 275 2241 362 2289; x_wconf 92' lang='lat' dir='ltr'>non</span> <span class='ocrx_word' id='word_1_102' title='bbox 382 2219 530 2289; x_wconf 89' lang='lat' dir='ltr'>formas</span> <span class='ocrx_word' id='word_1_103' title='bbox 554 2234 772 2313; x_wconf 88' lang='lat' dir='ltr'>spectasse,</span> <span class='ocrx_word' id='word_1_104' title='bbox 797 2240 924 2315; x_wconf 91' lang='lat' dir='ltr'>quum</span> <span class='ocrx_word' id='word_1_105' title='bbox 945 2242 1086 2317; x_wconf 88' lang='lat' dir='ltr'>saepe,</span> <span class='ocrx_word' id='word_1_106' title='bbox 1110 2238 1268 2290; x_wconf 86' lang='lat' dir='ltr'>mutata</span> 
     </span>
    </p>

    <p class='ocr_par' dir='ltr' id='par_1_9' title="bbox 109 2332 1264 2432">
     <span class='ocr_line' id='line_1_18' title="bbox 109 2332 1264 2432; baseline -0.001 -22"><span class='ocrx_word' id='word_1_107' title='bbox 109 2336 434 2430; x_wconf 89' lang='lat' dir='ltr'>constructione,</span> <span class='ocrx_word' id='word_1_108' title='bbox 461 2338 564 2408; x_wconf 90' lang='lat' dir='ltr'>alter</span> <span class='ocrx_word' id='word_1_109' title='bbox 584 2332 627 2405; x_wconf 94' lang='lat' dir='ltr'>in</span> <span class='ocrx_word' id='word_1_110' title='bbox 651 2337 822 2409; x_wconf 85' lang='lat' dir='ltr'>alterum</span> <span class='ocrx_word' id='word_1_111' title='bbox 837 2358 1039 2432; x_wconf 88' lang='lat' dir='ltr'>transeat,</span> <span class='ocrx_word' id='word_1_112' title='bbox 1060 2359 1198 2413; x_wconf 87' lang='lat' dir='ltr'>tamen</span> <span class='ocrx_word' id='word_1_113' title='bbox 1220 2336 1264 2409; x_wconf 85' lang='lat' dir='ltr'>in</span> 
     </span>
    </p>

    <p class='ocr_par' dir='ltr' id='par_1_10' title="bbox 8 2453 1290 2687">
     <span class='ocr_line' id='line_1_19' title="bbox 8 2453 1290 2558; baseline 0.002 -28"><span class='ocrx_word' id='word_1_114' title='bbox 8 2498 13 2517; x_wconf 85' lang='lat'><strong>·</strong></span> <span class='ocrx_word' id='word_1_115' title='bbox 111 2460 325 2558; x_wconf 86' lang='lat' dir='ltr'>complexu</span> <span class='ocrx_word' id='word_1_116' title='bbox 341 2454 567 2529; x_wconf 87' lang='lat' dir='ltr'>sentcntiae</span> <span class='ocrx_word' id='word_1_117' title='bbox 585 2453 664 2530; x_wconf 90' lang='lat' dir='ltr'>vim</span> <span class='ocrx_word' id='word_1_118' title='bbox 681 2454 857 2555; x_wconf 89' lang='lat' dir='ltr'>priorem</span> <span class='ocrx_word' id='word_1_119' title='bbox 873 2458 1065 2553; x_wconf 88' lang='lat' dir='ltr'>retineat,</span> <span class='ocrx_word' id='word_1_120' title='bbox 1091 2481 1144 2534; x_wconf 93' lang='lat' dir='ltr'>ut</span> <span class='ocrx_word' id='word_1_121' title='bbox 1158 2484 1218 2533; x_wconf 82' lang='lat' dir='ltr'>ex.</span> <span class='ocrx_word' id='word_1_122' title='bbox 1231 2482 1265 2533; x_wconf 88' lang='lat' dir='ltr'>c.</span> <span class='ocrx_word' id='word_1_123' title='bbox 1283 2532 1290 2545; x_wconf 80' lang='grc'>,</span> 
     </span>
     <span class='ocr_line' id='line_1_20' title="bbox 99 2574 1268 2687; baseline 0.004 -39"><span class='ocrx_word' id='word_1_124' title='bbox 99 2603 149 2687; x_wconf 86' lang='lat' dir='ltr'>.P·</span> <span class='ocrx_word' id='word_1_125' title='bbox 188 2585 270 2671; x_wconf 69' lang='lat'>147.</span> <span class='ocrx_word' id='word_1_126' title='bbox 308 2579 382 2652; x_wconf 89' lang='lat' dir='ltr'>&#39;sub</span> <span class='ocrx_word' id='word_1_127' title='bbox 418 2574 742 2677; x_wconf 87' lang='lat' dir='ltr'>Compositio.</span> <span class='ocrx_word' id='word_1_128' title='bbox 778 2586 820 2672; x_wconf 83' lang='lat' dir='ltr'>a)</span> <span class='ocrx_word' id='word_1_129' title='bbox 855 2581 1047 2655; x_wconf 78' lang='lat' dir='ltr'>Nominat.</span> <span class='ocrx_word' id='word_1_130' title='bbox 1084 2578 1268 2657; x_wconf 82' lang='lat' dir='ltr'>invenias</span> 
     </span>
    </p>

    <p class='ocr_par' dir='ltr' id='par_1_11' title="bbox 59 2696 1297 3412">
     <span class='ocr_line' id='line_1_21' title="bbox 111 2696 1297 2803; baseline 0.002 -28"><span class='ocrx_word' id='word_1_131' title='bbox 111 2702 260 2799; x_wconf 74' lang='lat' dir='ltr'>„magis</span> <span class='ocrx_word' id='word_1_132' title='bbox 280 2726 355 2774; x_wconf 83' lang='lat' dir='ltr'>nou</span> <span class='ocrx_word' id='word_1_133' title='bbox 373 2696 770 2800; x_wconf 71' lang='grc' dir='ltr'><em>ἄρῤυθμον-ᾳηωηι</em></span> <span class='ocrx_word' id='word_1_134' title='bbox 789 2698 997 2802; x_wconf 71' lang='grc' dir='ltr'>ἔνρυθμον</span> <span class='ocrx_word' id='word_1_135' title='bbox 1019 2727 1096 2776; x_wconf 84' lang='lat' dir='ltr'>esse</span> <span class='ocrx_word' id='word_1_136' title='bbox 1117 2718 1297 2803; x_wconf 74' lang='lat' dir='ltr'>compo-⁴</span> 
     </span>
     <span class='ocr_line' id='line_1_22' title="bbox 112 2806 1297 2922; baseline 0.004 -26"><span class='ocrx_word' id='word_1_137' title='bbox 112 2824 341 2910; x_wconf 78' lang='lat' dir='ltr'>st&#39;tt&#39;onrm,·‘·‘</span> <span class='ocrx_word' id='word_1_138' title='bbox 367 2845 415 2894; x_wconf 89' lang='lat' dir='ltr'>ac</span> <span class='ocrx_word' id='word_1_139' title='bbox 436 2823 564 2920; x_wconf 88' lang='lat' dir='ltr'>paulo</span> <span class='ocrx_word' id='word_1_140' title='bbox 585 2842 678 2922; x_wconf 89' lang='lat' dir='ltr'>post</span> <span class='ocrx_word' id='word_1_141' title='bbox 698 2820 734 2914; x_wconf 81' lang='grc' dir='ltr'>δ)</span> <span class='ocrx_word' id='word_1_142' title='bbox 750 2806 882 2899; x_wconf 72' lang='lat' dir='ltr'>Ac&#39;cus.</span> <span class='ocrx_word' id='word_1_143' title='bbox 905 2824 1041 2917; x_wconf 70' lang='lat' dir='ltr'>„reim</span> <span class='ocrx_word' id='word_1_144' title='bbox 1056 2808 1272 2901; x_wconf 71' lang='lat' dir='ltr'>accommo-</span> <span class='ocrx_word' id='word_1_145' title='bbox 1291 2840 1297 2881; x_wconf 83' lang='lat'><strong><em>¹</em></strong></span> 
     </span>
     <span class='ocr_line' id='line_1_23' title="bbox 112 2942 1295 3045; baseline 0.003 -27"><span class='ocrx_word' id='word_1_146' title='bbox 112 2946 241 3020; x_wconf 81' lang='lat' dir='ltr'>dando</span> <span class='ocrx_word' id='word_1_147' title='bbox 263 2942 490 3045; x_wconf 74' lang='lat' dir='ltr'>compositio.</span> <span class='ocrx_word' id='word_1_148' title='bbox 501 2949 524 2987; x_wconf 91' lang='lat'>“</span> <span class='ocrx_word' id='word_1_149' title='bbox 574 2942 716 3042; x_wconf 89' lang='lat' dir='ltr'>Atque</span> <span class='ocrx_word' id='word_1_150' title='bbox 749 2942 889 3018; x_wconf 86' lang='lat' dir='ltr'>similia</span> <span class='ocrx_word' id='word_1_151' title='bbox 922 2944 993 3018; x_wconf 93' lang='lat' dir='ltr'>ubi</span> <span class='ocrx_word' id='word_1_152' title='bbox 1025 2945 1295 3029; x_wconf 68' lang='lat' dir='ltr'>invenerim-²</span> 
     </span>
     <span class='ocr_line' id='line_1_24' title="bbox 59 3060 1294 3159; baseline 0.003 -22"><span class='ocrx_word' id='word_1_153' title='bbox 59 3122 64 3137; x_wconf 84' lang='lat'>.</span> <span class='ocrx_word' id='word_1_154' title='bbox 110 3067 273 3144; x_wconf 89' lang='lat' dir='ltr'>similem</span> <span class='ocrx_word' id='word_1_155' title='bbox 309 3065 510 3140; x_wconf 87' lang='lat' dir='ltr'>rationem</span> <span class='ocrx_word' id='word_1_156' title='bbox 548 3066 708 3139; x_wconf 89' lang='lat' dir='ltr'>subesse</span> <span class='ocrx_word' id='word_1_157' title='bbox 742 3087 946 3159; x_wconf 83' lang='lat' dir='ltr'>censeant.</span> <span class='ocrx_word' id='word_1_158' title='bbox 1007 3066 1200 3141; x_wconf 89' lang='lat' dir='ltr'>Ceterum</span> <span class='ocrx_word' id='word_1_159' title='bbox 1225 3060 1294 3143; x_wconf 70' lang='lat' dir='ltr'>ut³3</span> 
     </span>
     <span class='ocr_line' id='line_1_25' title="bbox 111 3184 1292 3290; baseline -0.001 -26"><span class='ocrx_word' id='word_1_160' title='bbox 111 3197 385 3265; x_wconf 77' lang='lat' dir='ltr'>succurrerem</span> <span class='ocrx_word' id='word_1_161' title='bbox 405 3184 536 3261; x_wconf 89' lang='lat' dir='ltr'>labori</span> <span class='ocrx_word' id='word_1_162' title='bbox 562 3185 720 3290; x_wconf 88' lang='lat' dir='ltr'>singula</span> <span class='ocrx_word' id='word_1_163' title='bbox 742 3190 1048 3287; x_wconf 76' lang='lat' dir='ltr'>quaerentium&#39;,</span> <span class='ocrx_word' id='word_1_164' title='bbox 1075 3184 1292 3283; x_wconf 75' lang='lat' dir='ltr'>ordinem‚&#39;</span> 
     </span>
     <span class='ocr_line' id='line_1_26' title="bbox 111 3293 1267 3412; baseline 0.001 -28"><span class='ocrx_word' id='word_1_165' title='bbox 111 3334 234 3410; x_wconf 90' lang='lat' dir='ltr'>quem</span> <span class='ocrx_word' id='word_1_166' title='bbox 255 3307 557 3410; x_wconf 89' lang='lat' dir='ltr'>alphabeticum</span> <span class='ocrx_word' id='word_1_167' title='bbox 573 3293 741 3403; x_wconf 88' lang='lat' dir='ltr'>vocant,</span> <span class='ocrx_word' id='word_1_168' title='bbox 768 3308 890 3382; x_wconf 91' lang='lat' dir='ltr'>etiam</span> <span class='ocrx_word' id='word_1_169' title='bbox 910 3307 953 3382; x_wconf 92' lang='lat' dir='ltr'>in</span> <span class='ocrx_word' id='word_1_170' title='bbox 975 3307 1156 3410; x_wconf 89' lang='lat' dir='ltr'>plurimis</span> <span class='ocrx_word' id='word_1_171' title='bbox 1178 3336 1267 3412; x_wconf 87' lang='lat' dir='ltr'>par·</span> 
     </span>
    </p>

    <p class='ocr_par' dir='ltr' id='par_1_12' title="bbox 24 3414 1298 4269">
     <span class='ocr_line' id='line_1_27' title="bbox 110 3414 1295 3531; baseline -0.004 -27"><span class='ocrx_word' id='word_1_172' title='bbox 110 3431 243 3505; x_wconf 89' lang='lat' dir='ltr'>ticulis</span> <span class='ocrx_word' id='word_1_173' title='bbox 263 3431 440 3531; x_wconf 90' lang='lat' dir='ltr'>ipsorum</span> <span class='ocrx_word' id='word_1_174' title='bbox 456 3430 755 3506; x_wconf 87' lang='lat' dir='ltr'>vocabulorum</span> <span class='ocrx_word' id='word_1_175' title='bbox 771 3429 951 3524; x_wconf 82' lang='lat' dir='ltr'>adhibui,</span> <span class='ocrx_word' id='word_1_176' title='bbox 975 3414 1037 3525; x_wconf 78' lang='lat' dir='ltr'>tit,</span> <span class='ocrx_word' id='word_1_177' title='bbox 1061 3429 1093 3505; x_wconf 91' lang='lat' dir='ltr'>si</span> <span class='ocrx_word' id='word_1_178' title='bbox 1115 3430 1183 3504; x_wconf 91' lang='lat' dir='ltr'>cui</span> <span class='ocrx_word' id='word_1_179' title='bbox 1202 3425 1265 3506; x_wconf 76' lang='lat' dir='ltr'>vis</span> <span class='ocrx_word' id='word_1_180' title='bbox 1289 3426 1295 3519; x_wconf 51' lang='grc' dir='ltr'>,ᾖ</span> 
     </span>
     <span class='ocr_line' id='line_1_28' title="bbox 109 3549 1295 3656; baseline 0.001 -32"><span class='ocrx_word' id='word_1_181' title='bbox 109 3550 377 3656; x_wconf 84' lang='lat' dir='ltr'>ingredienda</span> <span class='ocrx_word' id='word_1_182' title='bbox 400 3568 502 3624; x_wconf 85' lang='lat' dir='ltr'>esset</span> <span class='ocrx_word' id='word_1_183' title='bbox 525 3549 570 3623; x_wconf 92' lang='lat' dir='ltr'>in</span> <span class='ocrx_word' id='word_1_184' title='bbox 590 3556 703 3627; x_wconf 91' lang='lat' dir='ltr'>hunc</span> <span class='ocrx_word' id='word_1_185' title='bbox 725 3552 1025 3629; x_wconf 85' lang='lat' dir='ltr'>vocabulorum</span> <span class='ocrx_word' id='word_1_186' title='bbox 1047 3555 1164 3629; x_wconf 88' lang='lat' dir='ltr'>velut</span> <span class='ocrx_word' id='word_1_187' title='bbox 1186 3556 1267 3625; x_wconf 85' lang='lat' dir='ltr'>La·</span> <span class='ocrx_word' id='word_1_188' title='bbox 1292 3556 1295 3560; x_wconf 77' lang='grc'><strong>’</strong></span> 
     </span>
     <span class='ocr_line' id='line_1_29' title="bbox 109 3671 1269 3771; baseline -0.004 -23"><span class='ocrx_word' id='word_1_189' title='bbox 109 3673 364 3768; x_wconf 87' lang='lat' dir='ltr'>byrinthum,</span> <span class='ocrx_word' id='word_1_190' title='bbox 390 3677 572 3771; x_wconf 89' lang='lat' dir='ltr'>quodam</span> <span class='ocrx_word' id='word_1_191' title='bbox 585 3671 785 3748; x_wconf 89' lang='lat' dir='ltr'>Ariadnes</span> <span class='ocrx_word' id='word_1_192' title='bbox 808 3673 879 3748; x_wconf 90' lang='lat' dir='ltr'>filo</span> <span class='ocrx_word' id='word_1_193' title='bbox 900 3671 1058 3747; x_wconf 87' lang='lat' dir='ltr'>facilius</span> <span class='ocrx_word' id='word_1_194' title='bbox 1083 3673 1269 3747; x_wconf 85' lang='lat' dir='ltr'>et&#39;tutius</span> 
     </span>
     <span class='ocr_line' id='line_1_30' title="bbox 108 3793 1295 3894; baseline 0 -29"><span class='ocrx_word' id='word_1_195' title='bbox 108 3816 184 3894; x_wconf 89' lang='lat' dir='ltr'>per</span> <span class='ocrx_word' id='word_1_196' title='bbox 200 3818 336 3865; x_wconf 91' lang='lat' dir='ltr'>omnes</span> <span class='ocrx_word' id='word_1_197' title='bbox 353 3818 504 3867; x_wconf 89' lang='lat' dir='ltr'>errores</span> <span class='ocrx_word' id='word_1_198' title='bbox 521 3813 561 3867; x_wconf 92' lang='lat' dir='ltr'>et</span> <span class='ocrx_word' id='word_1_199' title='bbox 575 3794 781 3869; x_wconf 86' lang='lat' dir='ltr'>anfractus</span> <span class='ocrx_word' id='word_1_200' title='bbox 798 3801 1025 3870; x_wconf 90' lang='lat' dir='ltr'>duceretur.</span> <span class='ocrx_word' id='word_1_201' title='bbox 1078 3793 1270 3894; x_wconf 86' lang='lat' dir='ltr'>Denique</span> <span class='ocrx_word' id='word_1_202' title='bbox 1291 3794 1295 3799; x_wconf 79' lang='grc'><strong>’</strong></span> 
     </span>
     <span class='ocr_line' id='line_1_31' title="bbox 99 3913 1285 4015; baseline -0.001 -27"><span class='ocrx_word' id='word_1_203' title='bbox 99 3937 278 4014; x_wconf 83' lang='lat' dir='ltr'>operam</span> <span class='ocrx_word' id='word_1_204' title='bbox 299 3913 392 3984; x_wconf 91' lang='lat' dir='ltr'>dedi</span> <span class='ocrx_word' id='word_1_205' title='bbox 416 3939 491 4013; x_wconf 90' lang='lat' dir='ltr'>per</span> <span class='ocrx_word' id='word_1_206' title='bbox 513 3935 648 3989; x_wconf 90' lang='lat' dir='ltr'>totum</span> <span class='ocrx_word' id='word_1_207' title='bbox 664 3940 780 4015; x_wconf 84' lang='lat' dir='ltr'>opus,</span> <span class='ocrx_word' id='word_1_208' title='bbox 806 3938 857 3990; x_wconf 91' lang='lat' dir='ltr'>ut</span> <span class='ocrx_word' id='word_1_209' title='bbox 872 3915 1116 3992; x_wconf 87' lang='lat' dir='ltr'>Latinarum</span> <span class='ocrx_word' id='word_1_210' title='bbox 1132 3915 1285 3988; x_wconf 85' lang='lat' dir='ltr'>litera-&#39;</span> 
     </span>
     <span class='ocr_line' id='line_1_32' title="bbox 109 4030 1268 4141; baseline -0.002 -34"><span class='ocrx_word' id='word_1_211' title='bbox 109 4061 198 4107; x_wconf 90' lang='lat' dir='ltr'>rum</span> <span class='ocrx_word' id='word_1_212' title='bbox 208 4030 404 4104; x_wconf 87' lang='lat' dir='ltr'>studiosos</span> <span class='ocrx_word' id='word_1_213' title='bbox 418 4035 671 4111; x_wconf 90' lang='lat' dir='ltr'>sublevarem</span> <span class='ocrx_word' id='word_1_214' title='bbox 686 4062 776 4110; x_wconf 92' lang='lat' dir='ltr'>meo</span> <span class='ocrx_word' id='word_1_215' title='bbox 791 4041 932 4113; x_wconf 90' lang='lat' dir='ltr'>labore</span> <span class='ocrx_word' id='word_1_216' title='bbox 940 4063 1063 4141; x_wconf 90' lang='lat' dir='ltr'>quam</span> <span class='ocrx_word' id='word_1_217' title='bbox 1078 4035 1268 4124; x_wconf 81' lang='lat' dir='ltr'>maxime3</span> 
     </span>
     <span class='ocr_line' id='line_1_33' title="bbox 24 4154 1269 4269; baseline 0.001 -44"><span class='ocrx_word' id='word_1_218' title='bbox 24 4240 28 4249; x_wconf 31' lang='grc' dir='ltr'>Ι</span> <span class='ocrx_word' id='word_1_219' title='bbox 109 4177 234 4253; x_wconf 84' lang='lat' dir='ltr'>quam</span> <span class='ocrx_word' id='word_1_220' title='bbox 256 4154 467 4228; x_wconf 87' lang='lat' dir='ltr'>molestam</span> <span class='ocrx_word' id='word_1_221' title='bbox 483 4154 648 4253; x_wconf 88' lang='lat' dir='ltr'>quidem</span> <span class='ocrx_word' id='word_1_222' title='bbox 670 4162 740 4234; x_wconf 84' lang='lat' dir='ltr'>sed</span> <span class='ocrx_word' id='word_1_223' title='bbox 754 4158 958 4269; x_wconf 82' lang='lat' dir='ltr'>literarum</span> <span class='ocrx_word' id='word_1_224' title='bbox 979 4157 1109 4234; x_wconf 90' lang='lat' dir='ltr'>cultui</span> <span class='ocrx_word' id='word_1_225' title='bbox 1130 4156 1269 4230; x_wconf 86' lang='lat' dir='ltr'>utilem</span> 
     </span>
    </p>
   </div>
   <div class='ocr_carea' id='block_1_4' title="bbox 0 0 1305 4866">
    <p class='ocr_par' dir='ltr' id='par_1_13' title="bbox 0 0 1305 4866">
     <span class='ocr_line' id='line_1_34' title="bbox 0 0 1305 4866; baseline 0 0"><span class='ocrx_word' id='word_1_226' title='bbox 0 0 1305 4866; x_wconf 95' lang='lat' dir='ltr'> </span> 
     </span>
    </p>
   </div>
  </div>
 </body>
</html>
