2596 4866
106 236 167 360 658
481 283 695 371 Philosophor
716 322 758 333 -
780 285 908 349 Pictura

142 467 241 524 ratem,
263 460 422 513 rationalem
439 462 483 525 12,
501 461 588 524 2,10.
609 455 643 521 ef.
666 458 693 522 ti,
712 461 739 523 2,
756 458 783 509 11.
805 474 857 525 qua
875 456 980 509 ratione
998 472 1027 509 se
1045 455 1192 508 Lucretius
1209 457 1272 509 dicit

145 540 286 602 praecepta
304 528 489 597 philosophiae
507 527 627 579 cariiiine
645 544 705 578 esse
723 529 894 593 complexum
923 530 950 593 3,
972 532 996 588 1,
1015 525 1034 577 t
1053 528 1086 576 Ν.
1106 542 1159 578 nec
1182 525 1273 597 ignara

144 599 330 670 philosophiae
350 597 528 665 (grammatice
543 608 624 664 potest
642 595 712 662 esse)
733 600 757 660 1,
775 595 805 661 t,
820 596 846 647 4.
883 596 950 663 phil.
974 595 1093 647 simulari
1117 606 1211 662 potest
1233 602 1274 661 12,

146 677 177 736 3,
206 676 247 722 12.
283 665 479 736 philosophiam
498 682 535 718 ex
551 668 676 734 professo
701 665 896 717 ostentantibus
921 670 964 730 11,
991 669 1017 730 l,
1042 668 1086 717 ³3.
1125 666 1203 717 ldein
1226 667 1275 729 (1..

149 738 273 806 Crassus)
293 738 451 800 confitetur,
477 752 509 787 ea
526 737 577 799 jam
597 752 691 788 esses
714 735 780 801 phil.
801 736 918 802 petenda
936 734 970 801 (ι’.
990 753 1011 785 e.
1031 752 1097 801 qnae
1123 737 1158 784 de
1184 754 1273 803 nequo,

144 811 227 877 justo,
251 827 329 869 veru,
352 810 416 857 bono
434 805 580 868 dicuntur),
605 804 733 857 videlicet
761 805 822 870 quia
848 804 932 871 magis
956 805 1023 854 haec
1044 803 1084 853 illi
1112 803 1225 855 videtur
1247 804 1271 854 in

146 877 318 946 possessione
337 892 429 928 earum
446 892 536 927 rerum
555 874 639 926 fuisse
658 879 700 939 12,
718 878 745 939 2,
766 874 792 927 5.
810 874 838 924 11
855 872 1026 941 philosophia
1045 888 1142 940 parum
1164 873 1270 944 diligens

113 986 337 1099 Phil’os’ophor·
372 1027 418 1098 qui
435 1029 539 1081 beatam
558 1026 642 1081 vitain
660 1026 756 1081 vivere
771 1028 858 1094 volet,
886 1026 1092 1094 philosophetur
1116 1036 1226 1094 oportet
1249 1026 1271 1091 5,

150 1102 193 1168 it,
209 1104 250 1153 13.
286 1099 528 1167 philosophandum
546 1105 586 1149 est
605 1097 630 1155 5.
653 1100 695 1162 10,
714 1097 758 1149 70.
784 1096 814 1148 11
830 1097 931 1150 scholia
950 1095 1203 1165 philosophantium
1231 1098 1270 1163 (a.

150 1178 168 1226 1.
185 1166 424 1238 philosophorum)
443 1170 485 1234 12,
505 1169 579 1232 3,12
599 1167 633 1217 Ν.
653 1184 689 1218 cr.

114 1235 370 1322 Philosophus-iij
392 1253 460 1303 Nam
476 1259 549 1304 certe
558 1250 810 1372 [philosophos
828 1261 876 1305 etc.
894 1250 983 1305 dicem
1002 1250 1039 1318 (S
1045 1270 1072 1317 p,
1092 1249 1118 1302 si
1137 1248 1270 1319 physicos)

151 1322 326 1392 111411.
347 1341 381 1373 cr.
402 1332 425 1372 et
444 1323 471 1372 S.
508 1322 541 1372 ab
585 1321 722 1385 ristotela,
753 1336 857 1372 summo
876 1320 934 1386 ejus
958 1318 1053 1373 aetatis
1079 1320 1126 1386 pli.
1148 1324 1270 1387 1,1,11.

151 1410 212 1447 cum
229 1391 419 1463 philosophum
438 1389 548 1454 dicunt,
574 1392 628 1442 hoc
644 1388 730 1457 accipi
747 1391 862 1456 volunt,
885 1390 984 1443 bonum
1012 1388 1104 1443 virum
1124 1392 1154 1455 2,
1175 1392 1269 1454 21,12.

138 1464 227 1532 -phil,
246 1459 292 1529 qui
309 1462 376 1513 deos
394 1474 474 1529 agere
490 1476 581 1511 rerum
605 1461 781 1511 humanarum
807 1476 898 1511 curam
922 1467 1052 1531 negarent
1078 1458 1112 1524 5,
1138 1460 1176 1523 6,
1200 1460 1216 1510 5
1240 1458 1269 1508 ,iz

151 1530 217 1600 phil.
238 1529 368 1582 inferiora
385 1527 475 1580 omnia
494 1527 643 1595 praeceptis
662 1528 716 1581 suis
735 1528 848 1581 credunt
868 1528 955 1595 5,11,
975 1530 1019 1586 39.
1053 1524 1271 1579 administrationi

152 1601 230 1667 reip,
249 1616 264 1651 a
282 1615 335 1665 qua
354 1597 510 1668 longissime
527 1597 586 1663 isti,
612 1597 658 1665 qui
676 1596 742 1666 phil.
761 1606 911 1663 vocantur,
932 1606 1108 1651 recesserunt
1128 1602 1172 1664 11,
1194 1594 1268 1662 1,.15.

153 1686 209 1723 non
224 1667 325 1722 virtute
343 1684 374 1719 ac
392 1667 496 1731 studiis,
515 1675 544 1717 ut
564 1668 727 1720 haberentur
743 1664 907 1734 philosophi,
924 1667 1091 1730 laborabant,
1110 1668 1163 1719 sed
1179 1668 1269 1720 miltun

153 1747 181 1791 at
199 1737 345 1801 tristitiam,
370 1736 571 1788 dissentientem
592 1754 607 1788 a
627 1737 724 1789 ceterls
742 1736 861 1788 habitum
879 1734 1001 1801 pessimis
1017 1734 1141 1788 moribus
1160 1742 1270 1802 praeten-

153 1810 252 1861 debant
269 1809 312 1859 Pr.
334 1806 376 1858 15.
410 1804 651 1873 philosophos
674 1805 714 1857 uti
740 1807 922 1858 rhetorum
947 1806 1046 1870 armis,
1076 1818 1136 1857 non
1161 1804 1215 1857 suis
1234 1806 1269 1865 12,

153 1883 180 1943 2,
198 1880 222 1931 5.
243 1876 298 1927 nbn
316 1891 349 1927 eo
367 1874 499 1943 pertinet,
524 1883 553 1927 iit
571 1892 631 1928 esse
657 1883 840 1928 oratorem
860 1873 1113 1954 philosophum
1141 1874 1222 1927 velim
1242 1874 1269 1921 11.

153 1947 180 1999 6.
212 1944 248 2025 ft)
267 1947 365 1997 Gonia:
392 1944 451 2011 quis
470 1943 690 2011 philosophorum
709 1953 754 1996 aut
770 1943 800 1995 in
816 1943 921 2007 iudiciis
944 1945 1087 2012 frequens,
1104 1950 1154 1995 aut
1169 1944 1197 1996 in
1213 1956 1271 1993 con·

154 2014 270 2067 tionibus
289 2016 376 2065 clarus
396 2012 448 2065 fuit
466 2017 509 2079 12,
527 2018 551 2077 2,
568 2015 593 2066 7.
630 2012 762 2080 exemplis
779 2013 864 2065 utitur
888 2011 985 2080 philos.
1014 2016 1028 2073 (
1036 2010 1111 2075 Cic.)
1138 2013 1164 2079 5,
1192 2016 1232 2076 to,
1249 2008 1270 2063 11.

154 2085 217 2152 quid
236 2086 269 2134 de
286 2083 352 2151 phil.
371 2082 484 2151 loquor,
510 2098 623 2149 quorum
652 2084 715 2134 lons
739 2082 797 2151 ipse
823 2083 949 2135 Socrates
975 2086 999 2147 l,
1026 2084 1070 2146 10,
1101 2084 1143 2134 13.
1174 2098 1188 2133 1
1214 2079 1270 2149 phil.

153 2154 279 2216 lectione,
291 2160 321 2204 ut
333 2161 423 2204 essent
433 2152 516 2203 multa
526 2150 605 2203 nobis
619 2154 734 2219 petenda
750 2182 786 2191 -
797 2151 865 2203 vitio
879 2152 981 2203 lactum
994 2158 1035 2202 est
1051 2148 1133 2219 [alio]
1147 2159 1271 2203 oratorum

156 2227 199 2287 10,
221 2228 245 2283 1,
265 2224 308 2277 35.
342 2220 404 2271 libri
423 2218 512 2287 phil·
529 2220 670 2273 sententiis
690 2220 871 2287 poetarum
890 2221 985 2272 relerti
1003 2221 1029 2285 5,
1057 2225 1102 2285 11,
1119 2222 1157 2275 39
1179 2220 1211 2271 ill.
1233 2214 1270 2284 qui

155 2292 220 2361 phil.
240 2289 350 2343 nomina
365 2291 436 2341 male
457 2297 569 2341 utuntur
584 2294 611 2355 2,
635 2291 677 2350 lli,
703 2290 727 2343 5.
763 2289 1071 2356 philosophoruiit
1096 2290 1272 2353 consulto·

155 2376 282 2427 riiiuqna
302 2356 443 2425 opiniones
460 2358 487 2409 le
505 2374 552 2411 cre
571 2364 614 2423 12,
637 2363 679 2424 11,
697 2362 740 2411 17.
767 2374 823 2410 111
843 2375 859 2410 1
877 2360 942 2425 phil.
960 2358 1062 2410 scholis
1079 2358 1272 2425 11111ῑί11111-

156 2430 233 2497 cept'a
251 2434 406 2496 peterentur
422 2426 466 2477 Pi.
506 2430 532 2478 7.
568 2428 792 2495 philosophorum
811 2427 935 2495 quibusd.
961 2430 1066 2479 nullum
1093 2427 1203 2481 videtur
1221 2438 1272 2477 esse

154 2498 286 2561 verbum,
314 2496 385 2575 quod
402 2494 552 2573 nunptnra
570 2494 703 2567 significet
720 2500 748 2569 7,
768 2498 795 2562 9,
824 2502 849 2548 1.
885 2498 914 2565 y)
930 2496 958 2549 id
976 2514 1060 2548 uuum
1080 2496 1182 2569 epilogi
1197 2508 1272 2617 {enus

154 2566 243 2622 visum
261 2572 302 2617 est
319 2564 487 2631 philosophis
505 2564 565 2615 lere
577 2566 711 2631 omnibus,
731 2566 775 2633 qui
789 2567 823 2618 da
841 2574 898 2618 arte
913 2566 1030 2619 oratoria
1042 2566 1173 2633 scriptum
1184 2584 1200 2617 a
1211 2561 1272 2633 'quid

153 2636 210 2718 reli·
242 2634 363 2699 arnulli,
380 2637 405 2696 1,
424 2636 458 2695 7;
493 2635 565 2698 apud
584 2650 652 2715 quos
674 2636 770 2702 (phil.)
788 2634 848 2689 uitii
865 2637 930 2716 loco
947 2644 988 2688 est
1006 2635 1081 2709 allici¹
1095 2638 1128 2687 tt.
1158 2652 1225 2704 quae
1244 2630 1272 2683 ad

154 2706 1271 2842 tlh,titttttltttritttlptttfltdhlt·sttttf’ll'ht‘ltttlht'l

152 2838 285 2907 (paritum
305 2836 446 2905 orationis)
469 2836 537 2906 1,4,
558 2842 600 2897 19.
635 2857 788 2911 quanquam
816 2850 948 2897 tractetur
971 2842 1078 2912 a'phil.
1101 2844 1182 2898 latius
1206 2842 1271 2911 (apte

153 2910 253 2961 dicendi
276 2907 364 2970 locus)
387 2910 430 2973 tt,
449 2911 473 2973 l,
496 2907 521 2960 5.
605 2972 613 2980 .

119 2976 317 3073 Phanascum
352 3008 407 3045 nou
426 2992 528 3065 magis,
555 3011 636 3062 quam
656 2996 796 3063 phonasco
815 2999 897 3061 (sutis
917 2998 989 3065 est),
1007 2998 1094 3051 aciitis
1111 3006 1220 3061 tantum,
1235 3000 1269 3045 111

154 3063 269 3127 mediis,
294 3070 340 3117 aut
357 3062 485 3134 gravibus
503 3064 596 3130 sonis,
620 3075 665 3118 aut
683 3069 778 3119 horum
798 3070 878 3121 etiam
896 3068 1035 3137 partiendis
1056 3072 1194 3121 excellere
1212 3068 1269 3131 2,-1,

154 3132 196 3256 ἑὸ.
216 3149 296 3256 1qma
321 3148 376 3185 non
402 3134 461 3187 ead·
493 3135 714 3202 oratoribus,
745 3155 814 3206 quaa
839 3138 1055 3207 phonascis,
1088 3137 1216 3193 conuenit
1237 3138 1269 3195 ll.

177 3240 187 3269 i
266 3221 334 3271 3991·

22 3310 26 3325 ’
119 3285 263 3354 Phineis.
293 3304 390 3356 Macer
407 3310 435 3357 et
451 3304 593 3360 Lucretius
610 3306 719 3380 legendi
738 3307 861 3378 quidem,
888 3311 937 3362 aad
964 3324 1021 3363 non
1044 3316 1077 3363 ut
1102 3308 1225 3378 phrasin,
1247 3300 1266 3352 11

155 3380 214 3439 cst,
236 3388 333 3441 corpus
352 3374 522 3442 eloipientiae
540 3376 641 3430 saciant
659 3381 701 3443 10,
719 3381 745 3446 1,
762 3381 806 3433 87.
829 3378 863 3443 cs.
886 3383 928 3445 10,
948 3382 974 3445 1,
992 3379 1027 3432 ta
1047 3382 1075 3432 S.

109 3440 288 3525 ,Physicns
323 3457 505 3531 Anaxagorae
524 3460 632 3531 physici
643 3466 688 3530 12,
698 3467 725 3531 2,
744 3470 789 3517 22.
808 3484 835 3518 u.
854 3465 1119 3533 Philosophus.

120 3528 238 3593 Pictor.
257 3545 322 3597 clari
335 3545 454 3614 pictores
467 3551 593 3614 1t‚10,3.
608 3566 634 3615 p.
648 3550 786 3604 clarissimi
803 3554 830 3618 5,
841 3554 883 3618 ta,
891 3556 936 3605 21.
951 3570 980 3619 p.
993 3552 1122 3619 penicilla
1134 3539 1267 3616 (desiderati

153 3619 180 3679 2,
199 3618 243 3680 21,
261 3614 304 3669 24.
339 3625 366 3669 et
385 3633 423 3683 p.‚
441 3632 504 3695 oum
528 3618 558 3671 vi
587 3618 652 3679 artis
676 3638 740 3673 suae
766 3621 866 3686 efficit,
896 3629 926 3671 ut
950 3624 1083 3689 quaedam
1109 3623 1225 3674 eminere
1246 3614 1268 3667 11

154 3699 252 3750 opere,
278 3688 373 3765 quaed.
393 3700 537 3765 ¹iutiessissa
560 3690 718 3757 credamus,
745 3690 804 3759 ipsa
830 3708 862 3743 ea
882 3693 964 3757 plana
985 3708 1046 3743 esse
1071 3708 1129 3744 iton
1153 3688 1269 3747 nesciit,

154 3754 207 3832 17,
217 3758 260 3805 21
296 3772 356 3821 quis
374 3763 461 3821 pictor
478 3756 585 3823 omnia,
616 3775 685 3825 quaa
715 3758 745 3811 in
770 3776 860 3813 rarum
885 3768 980 3812 natura
1013 3771 1096 3827 sunt,
1126 3760 1270 3813 adumbrat

153 3822 246 3874 didicit
267 3826 294 3887 7,
314 3828 357 3890 10,
377 3826 404 3877 9.
440 3823 557 3891 pictores
575 3842 659 3893 opera
675 3828 796 3895 priorum
818 3828 1021 3899 inexemplum
1040 3831 1181 3885 intuentur
1197 3826 1271 3891 tuh

152 3891 442 4015 12111111111Ῑῖ.1111(1511
471 3898 560 3948 solum
585 3898 711 3964 student,
736 3907 767 3950 ut
788 3898 943 3969 describere
968 3902 1073 3954 tabulas
1098 3898 1230 3953 mensuris
1247 3906 1272 3943 11

192 3978 230 4013 eis
249 3978 323 4014 acran
355 3982 387 4014 i.
427 4001 434 4015 .

115 4024 254 4091 Pictura·
275 4046 298 4112 l)
317 4068 376 4101 ars:
401 4065 471 4119 qnae
480 4047 572 4115 (artes)
582 4049 682 4119 operis,
699 4053 771 4121 quod
782 4053 869 4105 oculis
881 4036 1030 4123 subjicitur,
1052 4052 1274 4109 consummatione

149 4112 231 4167 finem
248 4117 399 4185 accipiunt,
420 4121 507 4186 qualis
526 4127 569 4172 cst
587 4138 614 4187 p.
635 4125 661 4187 2,
678 4124 723 4187 18,
740 4126 767 4174 2.
784 4123 876 4176 floruit
893 4124 965 4177 circa
981 4124 1136 4194 Philippum
1155 4132 1184 4179 et
1200 4132 1275 4191 usique

150 4184 186 4237 ad
203 4202 375 4243 successores
394 4187 544 4244 Alexandri
562 4190 666 4259 pictura
692 4190 838 4257 praecipue
864 4197 914 4263 12,
938 4198 989 4263 10,
1015 4194 1043 4253 6.
1078 4212 1136 4249 non
1161 4200 1232 4249 esset
1254 4200 1277 4253 l’·
