2596 4866
436 342 637 409 Prooemium
661 379 703 390 -
725 342 872 429 Propello
1167 355 1229 417 707

185 530 242 567 rum
262 516 345 579 latus,
370 528 482 577 prone
505 513 534 564 iu
557 517 670 567 atterum
694 516 779 568 1611111
804 515 917 584 (manus)
936 521 969 570 tt.
998 519 1047 585 993
1077 533 1116 582 pr.
1147 524 1227 577 alveo

185 588 224 637 .7.
262 598 302 649 pr.
323 584 464 635 adcelera
483 599 589 635 cursum
608 587 635 649 8,
654 587 698 637 Pr.
718 589 741 638 5.
776 586 851 636 velut
869 600 955 650 prono
975 587 1103 641 orationis
1113 589 1228 646 ’11616166

192 654 237 707 61.
279 650 318 716 ΙΙ)
336 659 443 703 manau:
468 651 526 717 eius
550 654 659 721 aetatis,
689 670 758 723 (pree
780 653 815 705 sit
838 658 879 705 ad
904 656 969 708 vitia
992 656 1226 727 maximepr.',1,

185 756 198 777 ..
231 721 336 785 proni
359 729 439 788 atque
458 722 632 776 succincti
663 724 696 775 ad
720 736 828 775 omnem
845 726 990 775 clausulam
1017 741 1072 778 non
1090 738 1226 801 exurgunt

187 828 197 855 ,
228 807 323 845 verum
345 791 424 842 etiam
448 800 593 843 excurrunt
610 797 644 856 2,
661 796 693 859 2,
712 797 752 844 12.
792 793 856 844 11661
876 793 909 845 sit
934 793 1051 862 aliquam
1072 794 1100 847 in
1123 806 1226 860 perlem

185 874 214 913 or
231 858 357 925 (materia)
374 864 401 924 2,
422 860 448 925 8,
470 861 512 911 13.

185 928 283 1017 ι11111111·
327 943 466 1012 6)2,13,
487 948 511 995 1.
547 945 618 1010 3,9,
638 949 661 996 1.
697 962 769 998 6666
785 961 880 1011 omne,
908 963 960 1014 quo
976 958 1125 1012 coeperunt
1149 950 1249 1020 (811..

191 1013 340 1079 eoeperit),
367 1012 583 1077 prooemium
601 1020 706 1081 putant,
734 1023 778 1080 et,
795 1025 824 1066 ut
843 1015 959 1085 quidque
976 1018 1116 1084 sticourrit,
1133 1020 1225 1087 utique

187 1098 232 1153 {na
258 1082 390 1136 sententia
407 1082 569 1147 blandiatur,
600 1084 780 1136 exordium
801 1085 834 1149 4,
860 1090 889 1143 1.
915 1089 957 1138 53.
994 1085 1028 1148 cs.
1050 1090 1083 1152 3,
1107 1092 1154 1153 11,
1179 1091 1222 1143 28.

191 1155 305 1205 Attrita:
323 1151 499 1215 prooemio
517 1152 643 1205 breviore
661 1162 688 1205 et
703 1155 777 1206 velut
789 1155 905 1221 quodam
928 1154 1047 1221 capite
1068 1165 1095 1207 et
1115 1156 1229 1212 initio.

190 1224 233 1275 10.
268 1220 326 1274 Cic.
345 1219 490 1274 Curionem
515 1220 620 1274 facilius
641 1221 740 1276 cotidie
756 1236 795 1286 pr.
821 1220 1160 1290 pancratianum
1195 1226 1226 1280 in

185 1290 320 1355 :stratis-is
338 1290 476 1353 prooemia
493 1290 608 1343 maxime
635 1308 695 1344 esse
715 1290 801 1345 libera
823 1294 858 1358 3,
885 1293 919 1358 8,
945 1294 972 1346 8.
1008 1308 1068 1345 6616
1093 1293 1221 1347 vitiosum

185 1359 249 1413 11111
266 1359 354 1414 videri
376 1358 532 1411 cicatricosa
548 1360 632 1412 facies
652 1358 684 1425 4,
706 1364 737 1427 1,
758 1362 802 1414 61.
837 1363 976 1427 (muleeat
996 1374 1036 1424 pr.
1058 1376 1107 1425 pro
1125 1362 1220 1419 Coelio

218 1430 263 1484 39.
298 1441 338 1492 pr.
357 1432 523 1494 superuacua
542 1445 601 1481 esse
625 1430 695 1497 apud
712 1430 780 1482 tales
806 1429 947 1498 (sapienter
967 1429 1084 1496 judices)
1107 1436 1154 1495 12,
1179 1438 1221 1497 10,

185 1498 214 1565 ν)
238 1501 340 1551 Genio:
366 1514 423 1551 non
441 1514 510 1548 unus
529 1499 606 1550 color
623 1513 679 1564 pr.,
699 1498 858 1552 narrationis
879 1510 925 1550 etr.
944 1499 1095 1553 servabitur
1117 1505 1220 1567 12,10‚

185 1580 377 1635 1666666661
402 1566 571 1630 prooemium
601 1567 699 1632 varie,
728 1576 782 1635 atq.
810 1576 841 1620 ut
863 1583 957 1620 sensus
986 1569 1044 1636 ejus
1069 1570 1221 1633 postulabit.

185 1656 188 1671 ¹
216 1635 379 1689 accesserim
401 1635 497 1700 Celso,
524 1634 569 1703 qui
589 1666 624 1677 —
655 1636 781 1704 optimam
797 1635 1018 1699 compositionem
1037 1654 1096 1691 esse
1121 1652 1223 1704 prooe-¹

185 1714 213 1759 11
229 1722 272 1774 ap.
290 1705 424 1775 Asinium,
447 1703 532 1770 dixit,
551 1706 591 1769 si,
611 1709 731 1758 Caesar
749 1717 794 1758 etc.
813 1707 840 1769 9,
857 1705 882 1771 4,
902 1708 961 1758 132.
996 1706 1135 1775 utriusque
1154 1724 1221 1773 ope-

185 1770 308 1841 !cmm')
334 1774 468 1845 ingressus
497 1773 525 1824 16
558 1772 723 1837 paucissimis
747 1774 871 1829 versibus
896 1776 985 1827 leem
1010 1776 1220 1845 prooemiorum,

185 1840 237 1899 {co
256 1843 407 1910 constituit,
432 1843 478 1895 sed
496 1842 617 1897 servarit
642 1848 690 1910 10,
717 1847 750 1909 1,
774 1842 816 1898 48.
860 1791 940 1924 quot?
949 1844 1081 1907 prooemii
1107 1845 1221 1900 6116111-

185 1909 225 1977 4,
251 1917 295 1967 Pr.
321 1913 348 1967 6.
378 1920 419 1966 611
435 1911 543 1963 interim
566 1912 740 1976 prooemii
765 1913 807 1968 vis
835 1921 914 1965 elram
941 1927 1012 1963 non
1032 1911 1060 1964 iu
1078 1914 1220 1983 (Suom.)

185 1982 254 2043 ,1116
272 1981 300 2049 4,
319 1985 344 2047 1,
361 1985 395 2036 73
408 1987 439 2034 Ζ.
476 1975 601 2047 δ)1)61..·
619 1981 745 2050 periodos
763 1991 823 2045 epta
842 1980 986 2045 prooemiis
1006 1984 1136 2049 majorum
1156 2001 1221 2037 can·

204 2054 243 2119 9,
260 2050 294 2118 4,
314 2053 373 2105 128.
413 2049 553 2115 rmoemio
572 2050 787 2118 frequentissime
805 2050 933 2103 convenit
954 2050 1024 2103 lenis
1041 2053 1221 2115 pronuntiatio

195 2122 256 2177 161.
288 2120 395 2173 interim
413 2128 441 2171 et
461 2128 501 2172 est
521 2119 553 2187 (S
578 2123 677 2172 .iuser.
695 2121 761 2185 hoc)
783 2118 921 2183 prooemio
943 2119 1220 2175 necessarius'seusus

185 2190 244 2255 14,
263 2195 287 2254 1,
304 2187 340 2242 64
356 2195 389 2243 Ζ.
409 2190 444 2241 N.
464 2208 499 2240 or.
540 2140 575 2253 61
590 2194 725 2241 Accusat.-
758 2189 803 2240 ubi
827 2190 1014 2240 assumendmu
1041 2188 1219 2256 prooemium,

185 2258 341 2313 mittendum
359 2263 385 2325 7,
410 2261 451 2321 10,
470 2261 512 2309 11.
555 2272 595 2322 pr.
615 2257 758 2327 aliqnando
776 2257 847 2311 dicet
866 2258 952 2310 malus
970 2259 1050 2310 homo
1068 2262 1093 2323 2,
1115 2262 1220 2324 20,10.

185 2338 359 2383 1161666666
386 2325 575 2392 probaverim,
604 2327 649 2395 qui
678 2329 847 2393 scribendum
874 2343 981 2394 quoque
1008 2341 1047 2389 pr.
1074 2326 1221 2381 novissime

185 2400 235 2466 13,
252 2400 280 2463 9,
298 2398 324 2450 8.
360 2396 389 2448 in
408 2413 488 2449 causa
507 2396 618 2448 Milonis
636 2395 708 2449 circa
734 2398 832 2461 primas
852 2396 1038 2464 quaestiones,
1066 2413 1135 2463 quae
1159 2404 1223 2453 sunt

185 2478 222 2533 pr.
241 2466 345 2532 positae
362 2470 389 2532 3,
404 2468 430 2531 6,
451 2470 491 2518 12.
534 2462 678 2530 §Allata
698 2467 852 2531 prooemio,
880 2469 959 2534 «rurale
984 2465 1068 2517 estin
1090 2464 1222 2532 judiciali-

185 2552 239 2591 non
255 2536 730 2603 6111166661(66111161156161166)
754 2540 780 2602 3,
799 2538 826 2601 8,
846 2538 873 2589 6.
908 2550 948 2599 pr.
968 2550 1024 2586 non
1041 2532 1133 2602 utique
1152 2548 1221 2599 opus
1257 2588 1260 2603 ¹

185 2604 306 2659 masoriis
325 2552 412 2661 17151.
430 2603 574 2666 prooemiis
591 2620 749 2670 praeparare
767 2608 794 2670 9,
806 2604 832 2669 4,
842 2603 868 2656 4.
903 2604 1105 2667 praeponendae
1122 2616 1220 2667 prooe-

185 2674 345 2747 maestiones
363 2679 391 2742 7,
412 2678 454 2739 10,
476 2678 508 2725 12
528 2676 565 2726 Ν.
600 2683 627 2726 61
648 2674 676 2726 in
694 2689 734 2739 pr.
752 2674 867 2740 primum
885 2683 926 2726 est
943 2672 1057 2741 aliquid,
1077 2681 1104 2725 et
1124 2689 1222 2725 secun·
1260 2714 1263 2725 .

185 2762 218 2801 16
236 2742 364 2807 deinceps
383 2746 415 2796 15.
437 2746 463 2796 5.
485 2760 554 2811 (puae
575 2742 603 2795 in
622 2758 662 2807 pr.
690 2744 849 2797 conciliandi
871 2742 968 2809 judicis
987 2741 1056 2793 ratio
1078 2746 1109 2806 2,
1137 2742 1170 2806 5,
1195 2747 1219 2795 7.

202 2814 363 2881 plerumque
385 2811 518 2865 summissi
535 2830 625 2865 sunms
649 2816 685 2879 9,
708 2812 744 2880 4,
773 2814 830 2866 138.
874 2814 977 2865 solebat
998 2812 1066 2862 Afer
1088 2810 1222 2863 Domitius

185 2900 222 2939 16
244 2882 274 2935 16
291 2884 424 2935 clausrdas
440 2883 524 2934 verba
545 2891 646 2934 tantum
671 2885 834 2948 asperandae
853 2881 1056 2947 compositionis
1072 2878 1172 2951 gratia,
1195 2888 1223 2933 et

185 2970 212 3009 16
233 2952 263 3005 in
280 2950 425 3017 prooemiis
443 2954 475 3009 16,
493 2954 537 3003 31.
562 2950 595 3015 cs.
617 2955 658 3017 11,
676 2956 703 3018 3,
722 2956 780 3006 152.

185 3044 220 3087 0.
256 3036 304 3105 qui
320 3046 441 3091 nostrum
459 3052 541 3101 porro
560 3046 691 3109 propaget
707 3053 792 3109 genus
811 3040 943 3100 Tragia.
966 3036 1001 3101 9,
1020 3037 1054 3099 3,
1075 3034 1117 3087 57.
1151 3034 1241 3090 Jove.

185 3115 321 3185 guntrest
339 3108 470 3159 Tantalus
486 3111 586 3172 Trogi
592 3127 615 3158 c.
633 3111 665 3159 11.
823 3124 825 3131 ·

210 3196 284 3247 Ado.
304 3207 398 3244 omnes
415 3207 456 3256 pr.
476 3191 551 3246 cives
568 3193 594 3259 9,
612 3192 637 3256 4,
656 3189 715 3243 104.
751 3190 786 3253 es.
804 3192 837 3255 2,
860 3194 892 3254 1,
911 3186 939 3244 4.
976 3187 1056 3238 totius
1073 3200 1113 3250 pr.
1129 3184 1224 3238 habitu

185 3262 281 3322 11111,
295 3264 321 3326 3,
335 3266 360 3313 2.
378 3279 427 3330 per
440 3261 558 3331 singulas
576 3278 615 3328 pr.
628 3260 717 3328 partes
734 3262 775 3322 12,
787 3260 831 3309 Ρ1.
847 3257 1101 3323 161.66161,1,36.
1119 3256 1222 3307 6611661

185 3350 233 3387 em
245 3331 370 3383 lecerunt
383 3332 409 3397 9,
417 3334 442 3396 3,
450 3333 497 3395 99,
524 3330 614 3396 operis
627 3347 667 3397 pr.
687 3327 783 3379 infiniti
797 3327 846 3389 Ep.
860 3327 894 3377 ad
904 3326 1008 3393 Tryplr.
1025 3330 1049 3376 1.
1063 3324 1138 3376 cibos
1148 3341 1223 3377 man-

185 3418 246 3471 rpr.
262 3400 421 3467 liquefactos
434 3404 509 3465 10,1,
520 3402 561 3454 19.
577 3417 617 3467 pr.
630 3400 727 3450 nudam
740 3403 941 3464 praeceptorum
956 3393 1124 3446 traditionem
1133 3396 1222 3460 3,1,2.

185 3488 203 3525 6
217 3487 258 3535 pr.
267 3468 375 3537 publico
390 3485 466 3523 more
479 3473 502 3534 1,
515 3474 541 3530 2,
555 3474 580 3521 2.
601 3469 647 3520 illa
659 3486 705 3535 pr.
718 3466 794 3517 rudia
809 3482 840 3516 ac
851 3466 948 3516 velut
958 3465 1064 3515 suturae
1081 3478 1146 3515 mox
1158 3462 1223 3513 artis

185 3539 245 3595 11116
265 3541 308 3602 12,
330 3542 373 3604 10,
391 3542 423 3603 3·,
453 3538 506 3604 joci
523 3554 564 3604 pr.
586 3536 625 3605 (u.
644 3544 661 3589 1.
679 3535 801 3604 proprie)
819 3550 903 3605 genus
921 3541 962 3585 661
980 3534 1005 3597 6,
1024 3535 1050 3597 3,
1068 3534 1111 3585 68.
1147 3540 1223 3597 turpe

185 3610 289 3661 .nelas
309 3608 409 3659 ducunt
428 3609 454 3674 8,
474 3611 500 3673 5,
522 3605 571 3671 14;
610 3615 637 3659 61
662 3615 726 3658 tuno
749 3604 846 3657 leviter
867 3611 907 3656 est
930 3609 1074 3665 lentatum,
1100 3608 1126 3651 et
1152 3614 1235 3651 nunc·

185 3678 305 3747 npulsum
324 3680 350 3739 3,
367 3674 394 3743 4,
412 3681 438 3729 2.
474 3675 509 3741 os.
528 3678 555 3741 6,
574 3674 600 3741 4,
619 3677 644 3729 8.
680 3678 817 3741 7,1,31;
849 3689 886 3724 ex
904 3671 1028 3723 omnibus
1045 3686 1087 3736 pr.
1107 3667 1225 3720 dixerim

185 3763 224 3799 tus
242 3750 270 3813 1,
289 3746 315 3812 5,
333 3746 375 3799 55.
410 3747 477 3811 hae,
506 3762 552 3812 pr.
573 3752 625 3797 est
645 3752 681 3795 ut
700 3746 825 3807 dicam,
851 3740 926 3809 ipsse
953 3743 1099 3807 loquuntur
1122 3741 1172 3807 11,
1197 3738 1225 3798 3,

185 3833 229 3885 pr.
249 3822 315 3874 est,
336 3822 372 3866 61
398 3817 500 3869 scelera
517 3815 574 3883 ipsa
594 3813 722 3882 permissa
740 3812 793 3865 sint
819 3816 861 3875 12,
878 3816 905 3874 7,
928 3816 953 3862 1.
989 3806 1019 3876 β)
1039 3812 1171 3872 Corupcm
1190 3804 1225 3855 sd

198 3899 280 3938 nemo
299 3884 409 3952 propius
428 3884 541 3938 accessit
563 3888 604 3949 12,
618 3887 642 3949 1,
655 3886 697 3935 20.
716 3881 907 3935 6.Α666(16.
942 3876 972 3945 y)
992 3880 1133 3953 supertes:
1152 3873 1226 3953 quod

185 3970 228 4007 nte
246 3952 305 4005 dixi
324 3954 359 4018 6,
379 3958 412 4017 1,
429 3958 472 4006 21.
508 3962 539 4005 ut
556 3970 597 4020 pr.
620 3953 667 4019 (a.
695 3959 712 4009 t,
736 3948 864 4019 proprie)
886 3947 1026 4013 utriusque
1051 3942 1226 4021 differenuem

185 4040 207 4077 6
225 4024 260 4089 6,
281 4026 317 4086 2,
339 4025 375 4074 20
394 4022 431 4074 Ν.
456 4022 597 4094 analogia,
613 4034 701 4089 'unam
718 4038 765 4090 pr.
791 4036 827 4072 61
855 4018 961 4070 Graeco
984 4011 1176 4091 mansfereutes
1197 4026 1226 4061 m

185 4110 227 4147 116
244 4090 447 4159 proportionem
470 4098 639 4147 vocaremur
656 4095 688 4158 1,
713 4090 749 4153 6,
774 4092 799 4141 3.
841 4085 934 4139 audaci
960 4091 987 4136 et
1010 4097 1050 4151 pr.
1078 4081 1226 4147 pericnlum

185 4160 276 4215 adone
299 4162 327 4227 8,
343 4160 371 4226 6,
388 4163 419 4212 11
437 4160 473 4211 Ν.
492 4179 528 4213 or.

185 4226 229 4295 lo.
265 4248 336 4303 161.
354 4244 472 4297 umbone
492 4245 618 4314 propera
639 4242 766 4311 (1....1.
786 4238 882 4306 aros.)
899 4238 927 4304 e,
946 4237 971 4301 s,
989 4231 1032 4288 11.
1048 4299 1051 4303 ,
1067 4249 1127 4286 urm
1145 4250 1227 4307 arer-

929 4336 964 4391 rs
982 4334 995 4365 *
