2596 4866
618 1240 656 1324 Α

177 1507 203 1551 ι.
240 1501 268 1556 a
288 1500 381 1561 umus
402 1500 475 1570 9,·4,
492 1502 536 1557 ao.
560 1520 596 1558 ne
618 1504 648 1558 u
669 1504 696 1559 ι
720 1503 828 1573 quaem
851 1515 878 1560 a
899 1504 920 1560 s
938 1470 1040 1561 ruam
1054 1508 1202 1571 unauna

177 1592 188 1626 s
209 1570 321 1627 nomina
340 1580 416 1625 recto
436 1590 502 1625 casu
522 1573 599 1627 exire
617 1578 643 1638 1,
659 1576 687 1643 5,
703 1575 748 1630 61.
772 1575 805 1628 ai
824 1573 863 1644 (iu
879 1580 963 1645 prima
981 1578 1156 1647 declinatione)
1174 1586 1201 1648 1,

206 1642 236 1695 Δ
254 1660 309 1693 cum
326 1641 347 1691 E
365 1654 531 1707 permutatum
549 1646 582 1696 ib.
600 1646 646 1698 23·

177 1726 224 1791 1,)
265 1726 290 1793 l)
314 1730 405 1777 initium
429 1730 543 1793 indicat,
575 1731 641 1780 uncie
669 1731 765 1798 aliquid
787 1730 973 1797 proficiscitur:
1013 1727 1047 1799 a)
1070 1733 1103 1783 de
1127 1737 1201 1786 iuno:

177 1812 218 1847 ror
232 1802 331 1849 sentos
347 1812 362 1845 s
377 1795 489 1848 totidem
506 1796 599 1849 mundi
616 1798 769 1851 cardinibus
787 1798 853 1851 tlara
869 1796 964 1880 (Coum
979 1816 1028 1852 nm.
1041 1796 1071 1867 s)
1095 1802 1139 1869 12,
1157 1805 1201 1883 10,

177 1864 682 2001 ἑ’“ε..1“1ῗ“3,“ι’6ῗο161ἷ113ξ1.11
698 1864 829 2003 iiiiii
843 1871 954 2003 iiii?
969 1876 1202 2008 itm&

182 2012 281 2049 monus
298 2014 345 2065 per
359 1998 469 2073 singulos
488 2021 503 2055 a
522 2003 635 2055 minimo
654 2004 768 2055 ooilecta
785 2002 882 2074 digitos
899 2008 944 2071 11,
959 2006 977 2057 3
998 2006 1058 2057 100.
1087 2006 1202 2087 rejicere

177 2084 187 2119 ι
207 2084 224 2119 a
241 2065 346 2119 unisuu
361 2072 389 2121 it.
399 2070 450 2123 144
463 2073 499 2123 Ν.
520 2072 608 2123 sinum
621 2072 650 2123 in
661 2073 785 2124 dextrrun
796 2072 940 2124 humerum
960 2042 994 2125 ait
1012 2070 1069 2127 imo
1087 2074 1202 2143 rejicere

177 2137 205 2201 33
226 2140 306 2187 umisa
317 2148 372 2189 onte
383 2150 506 2192 terrarum
522 2146 701 2207 appellationes
716 2143 884 2193 barbarismus
899 2152 936 2193 est
950 2160 997 2208 per
1010 2144 1202 2199 detractionem:

177 2216 221 2275 pto
235 2204 299 2259 veni
312 2210 336 2274 1,
345 2208 430 2273 5,38;
472 2213 602 2276 interdum,
620 2214 664 2262 ubi
680 2210 776 2280 ripum
796 2219 847 2261 ert:
868 2210 977 2263 aiente
996 2209 1084 2263 tenuis
1102 2214 1166 2279 2,1,
1175 2212 1203 2267 4.

177 2294 196 2329 ιι
209 2276 308 2345 judicis
326 2278 429 2330 sedenti
447 2281 601 2345 11,1,135.
644 2283 674 2347 β)
692 2283 724 2330 tle
739 2289 829 2347 parte:
849 2286 878 2331 et·
895 2294 911 2330 n
927 2288 985 2332 toto
1003 2286 1031 2333 et
1048 2295 1064 2331 a
1081 2280 1203 2349 partibus

178 2350 212 2412 ³3
249 2350 370 2413 imprimis
385 2350 409 2397 iu
428 2351 540 2411 apamio.-
563 2349 716 2415 apartibus
734 2349 801 2415 ejus,
819 2346 864 2415 qni
884 2365 993 2401 ceruam
1011 2347 1076 2401 dicit
1095 2354 1121 2412 7,
1135 2346 1163 2416 4,
1175 2354 1202 2405 3.

177 2434 192 2469 e
213 2416 367 2468 accusantis
384 2416 507 2468 defensio
524 2425 565 2470 est
581 2421 615 2470 io.
634 2420 687 2483 38;
727 2420 770 2471 ubi
784 2414 929 2485 frequenter
952 2422 977 2469 in
995 2420 1201 2483 significationem

177 2490 276 2537 ritinnis
297 2503 356 2551 pro
376 2489 449 2537 autre
466 2488 580 2538 vitietur.-
610 2503 680 2554 «prae
699 2504 716 2537 a
732 2483 788 2553 (sie
803 2490 879 2537 Ami.
898 2490 928 2552 13
950 2488 1002 2555 Sp·
1021 2485 1088 2554 om.)
1107 2496 1201 2541 nostro

177 2572 207 2607 ιι·
225 2554 321 2607 animo
336 2582 374 2595 —-·
391 2552 458 2607 item
475 2556 547 2621 quod
566 2574 582 2607 a
602 2554 737 2609 defunctis
753 2584 788 2595 —
807 2552 924 2623 itemque
943 2556 981 2608 ab
1000 2570 1049 2623 eo,
1067 2555 1112 2609 eni
1129 2556 1201 2610 idem

177 2634 224 2691 et,
241 2652 279 2665 ·-
296 2623 336 2675 ab
354 2622 509 2677 adversario
526 2639 636 2692 quoque
651 2623 678 2690 4,
693 2628 721 2691 2,
737 2626 773 2679 93
790 2624 827 2675 Ν.
846 2632 874 2676 et
890 2626 919 2677 S.
942 2624 1039 2677 nonidit
1056 2622 1201 2693 aliquando

177 2703 205 2747 et
227 2692 337 2761 saepius
355 2694 390 2744 ab
412 2700 503 2745 actore
526 2698 558 2744 u.
577 2694 595 2746 6
611 2696 647 2745 Ν.
672 2694 700 2745 id
723 2708 739 2744 a
759 2692 875 2760 petitore
894 2708 1001 2760 semper
1021 2693 1080 2747 fieri
1102 2704 1202 2763 potest,

177 2764 262 2817 risose
281 2777 339 2815 non
356 2778 464 2829 semper
485 2766 517 2815 ib.
537 2765 596 2815 132.
617 2779 633 2815 a
650 2762 765 2829 petitore
783 2762 919 2830 quomodo
943 2778 980 2815 ex
998 2762 1202 2829 quaestionibru

177 2850 208 2885 us
226 2829 377 2885 sententias
399 2832 427 2896 4,
446 2834 472 2897 1,
489 2828 523 2883 24
541 2833 577 2883 Ν.
615 2831 784 2884 narrationes
802 2838 830 2883 et
849 2830 1077 2885 contradictiones
1093 2834 1202 2888 solvere

177 2918 185 2954 ι
202 2910 300 2955 actore
318 2916 398 2967 quam
416 2918 432 2950 a
448 2916 604 2967 possessore
620 2907 646 2966 7,
666 2906 691 2968 1,
709 2902 752 2954 38.
793 2898 823 2969 7)
843 2904 938 2951 omniun
956 2902 989 2953 rie
1007 2905 1132 2967 personis.-
1157 2901 1203 2955 in-

177 2972 212 3023 ab
230 2970 380 3025 inventore
397 2968 527 3040 significat
543 2973 570 3033 8,
582 2970 609 3036 6,
621 2973 665 3022 23.
690 2968 736 3037 qui
755 2977 818 3021 sunt
834 2969 868 3020 ab
887 2970 1005 3022 Isocrate
1021 2968 1049 3035 4,
1065 2973 1093 3036 2,
1109 2973 1142 3023 31
1160 2973 1190 3023 Ν
1191 2994 1203 3038 ,·

177 3040 276 3093 seiros
296 3046 500 3091 monumentum
518 3042 631 3090 muttum
648 3040 706 3111 agri
730 3038 763 3091 ab
782 3038 926 3091 lieredibus
947 3037 977 3091 in
997 3040 1108 3091 tutelam
1127 3038 1203 3093 eine-

177 3119 232 3191 !th
253 3114 282 3173 7,
299 3108 328 3173 9,
346 3110 373 3161 5.
414 3104 443 3173 δ)
463 3111 495 3159 de
511 3119 637 3177 tempore:
671 3110 704 3161 ab
724 3106 801 3159 initio
821 3110 862 3171 10,
879 3110 907 3173 3,
925 3109 968 3161 18.
1000 3110 1043 3172 11;
1060 3112 1089 3174 2,
1107 3112 1151 3167 20.
1187 3126 1204 3161 a

177 3182 219 3243 ptis
245 3182 318 3242 1,1‚
338 3180 363 3227 1.
393 3178 427 3227 ab
446 3174 559 3229 infantia
577 3178 622 3229 Pr.
644 3176 670 3231 5.
697 3178 752 3245 jem
773 3194 789 3228 a
809 3184 904 3229 tenero
922 3180 948 3241 1,
966 3180 994 3242 2,
1013 3178 1055 3229 18.
1084 3177 1118 3229 ab
1137 3176 1203 3245 ipsis

177 3245 379 3299 iinmmabulis
395 3246 439 3297 Pr.
451 3246 479 3310 6,
498 3254 528 3298 ut
545 3265 562 3296 α
579 3240 730 3299 sublatione
747 3247 786 3297 ad
804 3244 967 3312 positionem
983 3243 1056 3298 idem
1072 3245 1152 3313 spatii
1168 3246 1204 3300 sit

177 3318 215 3369 5⁴„
241 3318 282 3368 ab
304 3314 421 3366 exordio
438 3330 523 3383 trupne
542 3316 581 3365 ad
598 3314 719 3367 ultimam
735 3330 834 3369 vocem
853 3317 894 3380 11,
914 3318 940 3377 1,
958 3312 1001 3367 54.
1046 3312 1071 3379 ι)
1089 3318 1121 3367 rie
1138 3320 1204 3368 omui

187 3388 284 3437 rer'iine:
306 3384 360 3451 jam
376 3400 462 3451 paene
478 3386 511 3436 ab
526 3382 604 3436 initio
619 3384 780 3436 narrationis
797 3386 839 3447 11,
851 3386 877 3448 3,
892 3380 952 3435 144.
975 3402 992 3435 a
1006 3384 1203 3438 narrationibus

182 3470 207 3505 m
229 3462 257 3505 et
274 3453 401 3505 irridendi
418 3452 642 3521 vituperandique
664 3452 801 3520 opusculis
819 3468 883 3504 cura
910 3451 968 3518 ejus
991 3452 1159 3507 desideratur
1176 3460 1208 3521 2,

177 3522 198 3571 t‘.
225 3522 260 3585 rs.
277 3526 305 3587 6,
321 3524 349 3588 4,
370 3522 412 3575 14.
441 3524 561 3573 ultimum
579 3533 745 3589 retrorsum,
765 3523 838 3590 quod
858 3520 929 3573 idem
949 3538 966 3573 a
983 3520 1071 3588 eapite
1090 3522 1204 3590 primum

178 3596 203 3656 1,
218 3592 263 3645 25.
280 3592 386 3659 syllaba
402 3592 434 3642 ab
453 3601 574 3644 extrema
595 3591 673 3643 tertia
686 3593 709 3658 1,
726 3594 752 3657 5,
767 3596 811 3645 30.
834 3590 880 3658 qui
897 3590 1032 3642 secundus
1050 3606 1066 3643 a
1081 3592 1204 3646 finitione

185 3670 226 3713 eu
240 3664 359 3725 7,10,1;
384 3664 469 3729 itaque
485 3664 585 3728 saepius
601 3664 618 3711 ι’.
636 3680 659 3729 p.
679 3672 768 3727 port:
789 3662 920 3727 quinetiam
938 3676 955 3709 a
972 3659 1064 3726 primis
1081 3660 1203 3714 statim
1226 3712 1235 3725 ,

177 3728 263 3781 unibus
286 3739 344 3782 tota
369 3738 519 3791 mutentur,
541 3738 571 3780 ut
593 3728 716 3797 Juppiter
734 3733 759 3793 1,
774 3730 802 3795 6,
819 3730 863 3782 25.
896 3743 952 3780 non
972 3728 1066 3797 utique
1092 3729 1126 3783 ttb
1148 3732 1203 3783 hoo

187 3798 346 3852 continuare
371 3814 479 3865 operam
501 3802 543 3865 12,
561 3800 587 3865 6,
605 3800 630 3853 6.
657 3816 694 3852 ne
719 3799 753 3849 ab
774 3796 821 3850 illa
845 3798 939 3849 umbra
961 3814 1028 3851 vera
1051 3798 1204 3852 discrimina

177 3868 262 3920 rident
280 3871 322 3934 10,
340 3868 367 3932 5,
387 3873 428 3921 17.
458 3884 509 3920 neo
528 3884 635 3935 semper
654 3886 670 3921 a
691 3868 864 3921 contentione
884 3867 1002 3920 condere
1026 3866 1090 3920 lieet
1106 3884 1205 3922 vocem

195 3940 236 3988 22.
279 3936 307 4003 ζ)
331 3956 387 3987 cum
406 3941 516 3989 omuibus
534 3940 638 4006 denique
655 3940 799 3991 remouendi
817 3938 946 3989 vocabatis
963 3936 1136 4003 conjungitur,
1160 3947 1203 3987 ut.-

177 4004 245 4057 onali
262 4008 296 4057 ad
313 4006 446 4059 nationale
467 4004 623 4073 (translatio)
640 4010 668 4072 7,
686 4008 712 4073 3,
730 4008 774 4060 31.
810 4021 826 4057 a
848 4004 956 4077 vulgari
977 4005 1070 4073 speeie
1092 4004 1205 4057 mutatio

179 4078 225 4139 ¹13
266 4076 304 4127 ab
323 4076 381 4143 ipsa
400 4073 508 4127 actione
526 4082 606 4153 atque
623 4076 663 4126 ab
680 4074 830 4127 imitatione
847 4092 938 4127 rerum
959 4091 1014 4128 nou
1032 4072 1206 4127 abhorrentis

190 4144 216 4210 8,
232 4141 260 4211 4,
276 4142 320 4197 43.
349 4146 443 4199 abesse
460 4162 478 4197 a
493 4144 581 4197 Musis
597 4152 676 4212 atquo
694 4143 767 4213 (Sp.
785 4142 820 4213 a)
840 4144 939 4197 Gratiis
958 4146 984 4212 t,
999 4146 1042 4210 10,
1056 4146 1088 4195 21
1109 4149 1141 4196 Z.
1165 4144 1206 4211 (rte
1246 4226 1250 4231 Ι

177 4260 192 4293 ι.
208 4246 295 4307 (iuiut,
663 4254 671 4269 “·
914 4248 929 4296 1
