2596 4866
37 321 50 359 ¹·
97 308 101 313 ¹
124 334 193 387 xvi
508 374 511 381 .
620 321 789 385 Praelatio.

92 548 95 553 -
126 503 243 575 labor
268 516 400 570 totum
426 492 642 596 diligenter
666 491 1041 594 introspicientibus
1059 496 1110 583 ⁸).
1155 492 1235 593 Qu'

126 642 285 727 partem
301 614 456 691 Codicis
471 640 545 687 nos
561 613 730 715 quidem
750 614 930 718 legimus,
959 620 1183 689 admodum
1200 640 1284 717 cg

128 765 251 844 rupta
273 738 501 839 apparebat
523 756 564 809 et
580 740 707 837 plane
723 734 914 837 imperitis
937 759 986 808 ac
1010 738 1183 811 rudibus
1219 777 1233 803 ιι
1258 745 1273 776 ”··

127 866 247 945 nibus
276 884 327 933 ex
352 855 519 934 vetustis
541 876 583 930 et
603 855 833 931 melioribus
858 858 1025 931 fortasse
1048 857 1158 932 libris
1179 850 1294 933 trad-''-

130 986 300 1084 scripta,
330 981 573 1079 plerumque
600 1002 694 1052 cum
719 976 937 1053 Turicensi
973 999 1014 1051 et
1036 968 1283 1071 Florentino',

127 1104 277 1211 partim
297 1121 437 1195 tamen
462 1123 555 1173 cum
573 1097 789 1172 Codicibns
812 1098 980 1173 secundi
1010 1100 1185 1196 ordinis,
1220 1098 1294 1213 imfl-

129 1221 265 1329 primis
281 1247 374 1295 cum
391 1221 714 1325 Guelferbytano
732 1244 971 1322 congruens.
1015 1218 1291 1315 Interlineaiit¹

132 1344 332 1444 scriptura
359 1344 518 1417 crebras
544 1366 673 1440 quum
706 1340 1010 1415 emendationes
1038 1362 1128 1415 tum
1152 1344 1291 1419 eornm·

123 1466 290 1570 'ptiones
313 1463 475 1537 alterius
491 1467 560 1536 sed
576 1467 689 1535 haud
704 1462 828 1566 magis
847 1461 994 1536 eruditi
1016 1463 1172 1537 librarii
1194 1482 1285 1569 con-⁴

111 1570 113 1581 ¹
131 1588 247 1678 tinet,
255 1588 472 1658 translatas
481 1586 724 1684 plerumque
741 1609 792 1657 ex
801 1582 952 1657 Codice
967 1583 1108 1682 aliquo
1126 1578 1296 1660 seotmdi·

132 1704 302 1795 ordinis,
337 1678 477 1779 tamen
502 1703 720 1805 ejusmodi,
756 1727 803 1779 nt
828 1703 935 1781 viam
959 1704 1207 1802 Quintiliani
1241 1704 1297 1779 nb'-

131 1826 364 1903 inveteratis
389 1826 632 1925 quibusdam
667 1826 771 1901 vitiis
800 1826 1069 1928 expurgandi
1089 1808 1289 1903 interdum¹

131 1947 323 2023 indicent.
376 1945 458 2046 Qui
476 1947 618 2018 Codex
634 1944 700 2019 cni
716 1948 807 2021 usui
830 1946 925 2021 mihi
945 1947 1068 2021 fuerit
1092 1946 1173 2021 suit
1197 1946 1288 2021 locis

131 2068 365 2171 apparebit,
392 2091 435 2142 at
461 2067 605 2159 velim,
631 2091 680 2140 ut
711 2074 856 2143 doctus
885 2066 1030 2168 aliquis
1056 2088 1098 2143 et
1122 2068 1287 2173 diligent

48 2182 52 2189 ’
128 2196 270 2282 homo,
303 2189 370 2264 cui
399 2188 558 2262 facilior
583 2192 637 2259 ad
670 2214 762 2260 eum
785 2188 919 2262 aditus
946 2210 1107 2290 pateat,
1135 2212 1286 2291 partem

130 2310 201 2385 otii
217 2312 277 2384 sui
302 2310 524 2408 impendat,
551 2312 604 2378 ad
627 2306 740 2380 illum
754 2329 887 2382 totum
909 2309 952 2382 in
976 2312 1109 2384 lucem
1132 2332 1283 2412 protra-

130 2434 319 2504 hendum.
372 2432 421 2502 Ιιι
446 2447 565 2527 parte
591 2427 723 2526 operis
751 2456 815 2503 me
842 2430 1093 2534 adjuverunt
1110 2430 1282 2507 Artimotl·

130 2550 319 2651 verst'mtes
351 2550 405 2623 ad
435 2549 535 2622 lacot
568 2550 751 2649 quosdam
789 2554 1025 2644 Quintiliani
1046 2554 1287 2652 difficiliores

6 2734 9 2747 .
57 2736 61 2741 .
130 2669 940 2777 aDoctoreHeinischl'rogrammati
967 2676 1289 2770 GymnasiiGlffi

130 2791 270 2867 niensis
302 2791 560 2894 praemissae.
594 2819 617 2867 a
642 2794 691 2867 G.
720 2795 842 2868 Pinz
851 2823 970 2901 gero
994 2796 1038 2869 in
1057 2794 1295 2872 Annalibus-

130 2914 230 2988 Phil.
249 2936 290 2988 et
305 2916 427 2988 Paed.
445 2916 529 3008 XII,
546 2938 582 2987 2.
599 2916 822 2991 recensitae
841 2939 883 2991 et
904 2915 1172 2991 examinatae.
1208 2922 1287 2995 Nea

128 3035 536 3135 praetermittendum
582 3036 757 3113 arbitror
809 3038 1082 3144 fragmentum
1133 3038 1287 3117 codici·

131 3262 416 3281 *a

213 3406 244 3493 *)
268 3408 322 3473 Sia
340 3428 389 3487 ιο,
409 3430 436 3487 t,
451 3414 493 3473 35
515 3412 569 3474 dtt
589 3415 696 3475 Bamb.
718 3434 746 3477 a.
766 3436 813 3496 pr.
830 3437 871 3475 m.
894 3418 970 3475 vitio
987 3414 1113 3495 sartum
1135 3430 1183 3476 est
1204 3430 1278 3477 m

127 3511 216 3596 (lage
235 3514 370 3598 eornm),
395 3536 421 3578 ι.
442 3537 503 3578 tec.
525 3540 567 3581 m.
591 3540 619 3581 ν.
634 3520 664 3598 s.
680 3542 706 3579 e.
728 3522 796 3581 alia
816 3534 990 3596 oratorum,
1019 3538 1070 3596 to,
1092 3539 1120 3595 1,
1135 3522 1180 3581 44
1201 3536 1279 3601 apt·

127 3638 171 3681 m.
202 3622 294 3698 plana
322 3626 468 3698 spiritus,
496 3644 524 3684 ιι.
555 3624 615 3685 iec.
637 3646 680 3687 m.
702 3627 735 3687 ni
756 3631 894 3705 spun'tm
917 3630 1030 3702 plena,
1062 3628 1178 3705 quibus
1209 3624 1282 3689 loci·

126 3745 230 3787 veram
251 3725 421 3787 lectionem
442 3728 508 3787 tola
536 3730 638 3808 prima
662 3748 773 3790 manue
794 3731 892 3812 hujus
920 3731 1046 3793 Codicis
1067 3732 1229 3805 continet,
1255 3736 1284 3791 tt

126 3848 206 3909 quta
228 3828 354 3909 irrepsit
374 3831 408 3891 in
429 3841 553 3895 nostrat
572 3834 738 3907 editiones,
761 3836 862 3895 solum
885 3857 924 3897 ex
948 3857 1044 3917 prave
1065 3836 1228 3897 intellecta
1248 3836 1282 3897 tlt

126 3932 265 3993 librariis
290 3942 364 3994 nota
384 3936 461 3996 alius
481 3957 607 4012 manus,
630 3942 698 3999 alia
719 3962 743 4001 s.
771 3942 820 4014 ai,
843 3926 912 4002 orla
935 3952 1000 4021 ειη
1033 3963 1111 4023 quae
1131 3964 1184 4003 ret
1206 3934 1295 4011 milti,

124 4037 209 4098 vitm
231 4040 418 4101 monstravit
445 4041 485 4102 ad
505 4042 675 4125 detegenda
695 4045 756 4105 alia
777 4046 855 4109 vitia
876 4046 1018 4128 ejusdem
1040 4046 1173 4129 originis
1198 4048 1228 4123 6,
1253 4064 1290 4123 1,-

123 4143 177 4203 38.
200 4142 230 4221 6,
247 4162 278 4219 ιι,
305 4145 352 4205 14.
375 4147 405 4223 8,
428 4144 460 4221 6,
479 4148 520 4220 57
543 4150 588 4210 N.
609 4140 655 4210 οι.
