2596 4866
345 630 386 691 de
410 626 624 691 Grammatico
644 626 874 701 Quintilianus.
1054 628 1198 685 'mlx
1244 608 1248 615 ¹

187 820 282 871 mata
313 815 440 895 atque
474 795 654 893 elegans,
697 772 837 889 qualia
862 795 962 865 'sunt
981 796 1032 891 '9,
1066 778 1110 887 5‘,
1135 802 1190 880 '42

187 912 292 988 iorilru
315 924 469 987 motato
494 907 808 983 declinationibus
830 909 1036 985 iteratione
1057 912 1193 987 verlo-

199 1052 238 1121 ιο,
255 1060 285 1127 r,
304 1040 351 1115 lr
378 1030 450 1129 qui
466 1053 514 1103 ne
538 1026 696 1102 minino
720 1026 871 1125 quidem
896 1027 1065 1127 alicujus
1088 1042 1193 1107 certe

187 1144 333 1249 riportr's
352 1149 576 1223 memoriam
599 1144 841 1245 posteritatis
866 1150 1093 1245 speraverit,
1128 1168 1193 1223 at·

186 1264 292 1341 iridem
312 1268 441 1367 paulo
467 1287 578 1368 post:
618 1263 734 1338 citios
763 1290 833 1339 nos
856 1266 1040 1359 dimittet,
1077 1292 1193 1365 quom

186 1384 347 1461 naonis
383 1411 523 1482 mogoo
564 1382 745 1485 temporis
784 1384 1011 1461 detrimento
1047 1394 1193 1461 constet

186 1502 342 1579 inertum.

186 1669 374 1775 ljungatur
392 1669 452 1742 his
473 1670 676 1770 exemplis,
699 1674 813 1770 quod
829 1666 991 1771 ὕστερον
1005 1670 1193 1773 πρότερον

186 1785 325 1863 risoletz
359 1812 393 1879 2,
425 1785 484 1880 16,
515 1785 560 1858 16
582 1790 788 1862 edooore
813 1795 954 1888 foetus
976 1804 1016 1865 et
1035 1791 1192 1865 eaelo-

186 1910 256 1997 ¹(de
277 1906 441 1997 avibus),
468 1905 536 1979 cui
558 1904 682 1979 simile
708 1906 806 1982 dicit
830 1905 1088 2011 Spaldingius
1112 1910 1194 1982 fre·

185 2020 299 2097 rillud
321 2023 581 2099 Homericum
605 2024 672 2099 ἵνα
697 2023 729 2100 δ’
747 2025 915 2125 ἔτραφεν
937 2024 994 2118 ἥδ’
1015 2024 1192 2125 ἐγένοντο

185 2134 279 2245 loon
307 2164 426 2241 atque
459 2141 655 2214 affectata
688 2164 729 2217 et
761 2144 892 2244 poetis
925 2146 1009 2217 fere
1041 2142 1193 2219 usitata
1233 2190 1257 2241 ·.

185 2248 246 2323 oriri
265 2257 476 2352 translatio,
515 2260 775 2360 Hypallagen
811 2259 974 2352 dicunt,
1014 2268 1059 2354 l,
1092 2258 1135 2353 5,
1167 2264 1193 2333 6

185 2366 280 2461 palare
305 2374 494 2474 deportes
527 2390 659 2451 secto
696 2376 891 2452 derisionis
925 2378 1194 2475 diligentia

206 2502 290 2566 atae
322 2494 538 2586 divisionis,
581 2521 708 2594 quum
746 2493 911 2596 proprie
940 2496 1076 2569 divisio
1104 2520 1195 2603 nou

185 2608 257 2685 ,Μία
275 2610 311 2684 in
333 2634 469 2713 partes
496 2636 673 2708 secetur3
700 2617 749 2688 of.
779 2612 858 2687 Cio.
883 2611 984 2685 Phil.
1010 2616 1042 2706 1,
1066 2636 1089 2684 2
1115 2616 1196 2710 jos

184 2720 254 2801 ooo
280 2730 487 2807 liberum.
548 2731 685 2807 Similis
719 2730 894 2808 inversio
928 2751 988 2804 est
1023 2756 1062 2826 r,
1096 2733 1139 2824 8,
1171 2756 1188 2800 1

184 2836 367 2951 loroque
393 2851 558 2946 fleta,
591 2851 685 2949 qaid
713 2851 872 2942 lentius,
898 2849 1078 2942 celerior,
1096 2874 1192 2923 ¹coo·

184 2956 228 3055 ur,
245 2970 353 3044 learns
373 2970 587 3060 dicendam,
614 2995 741 3068 quum
763 2988 877 3041 recta
899 2966 1062 3043 dicendi
1084 2967 1191 3041 ratio

184 3086 275 3159 atulet
295 3114 367 3189 quo
392 3090 554 3188 quidque
570 3091 706 3183 flesso,
740 3089 855 3185 quod
880 3106 1019 3159 tamen
1045 3106 1193 3160 eontra

184 3216 277 3277 mlum
299 3208 497 3280 Codicum
519 3205 699 3306 recipere
724 3202 921 3279 audacius
950 3204 1046 3277 mihi
1079 3203 1193 3280 vide-

184 3308 220 3411 [ν.
237 3324 316 3399 Not.
344 3347 385 3398 et
414 3324 490 3423 S.).
550 3326 600 3395 In
628 3320 866 3396 Nominibus
897 3320 1069 3422 propriis
1095 3320 1193 3395 scri-

184 3428 440 3519 inobservabis
471 3442 580 3513 illam
612 3460 811 3513 mutatam
847 3442 922 3513 sub
956 3437 1193 3513 Caesaribus

184 3568 259 3651 lum,
278 3583 326 3635 ut
356 3586 509 3633 nomen
533 3558 703 3661 gentile,
738 3556 854 3657 quasi
877 3558 958 3661 jam
984 3553 1193 3631 deterioris

183 3672 359 3771 tiresum,
384 3677 646 3779 posteriorem
673 3697 853 3775 occupet
878 3679 1036 3767 locum,
1064 3698 1194 3775 quare

183 3780 247 3866 itur:
275 3798 395 3871 Poll-io
419 3795 574 3869 Asinius
599 3792 643 3888 6,
669 3791 714 3886 ὅ,
741 3816 822 3866 110.
864 3796 908 3887 8,
938 3819 977 3886 1,
1005 3791 1040 3865 ὅ.
1094 3797 1192 3867 Cen-

190 3910 316 3989 Cotonis
349 3938 374 4012 9
382 3973 393 4005 ,
427 3920 472 4009 t,
503 3912 564 4009 59.
623 3936 683 4004 12,
719 3936 759 4004 1,
793 3904 855 3986 55.
905 3912 963 3986 M.
991 3912 1191 3986 Censor-tiss

193 4052 242 4127 rr,
274 4060 337 4125 ιι,
370 4030 429 4109 23.
476 4034 579 4130 Aser
613 4031 809 4104 Domitios
838 4027 882 4122 6,
908 4027 953 4122 ὅ,
984 4036 1045 4114 42.
1086 4028 1196 4103 Galli

183 4148 260 4245 sla,
277 4150 332 4245 15,
351 4178 383 4247 7.
408 4150 563 4249 Longas
583 4149 776 4251 Septicius
796 4152 832 4233 6,
856 4147 891 4243 ὅ,
914 4144 975 4222 32.
999 4150 1191 4225 Pictorem

183 4290 211 4341 o
233 4294 265 4364 r,
289 4274 324 4363 6,
353 4293 409 4347 rr.
694 4272 697 4279 '
1170 4284 1173 4291 '

777 4556 906 4603 sauata
922 4574 945 4625 2
