2596 4866
10 650 42 725 ln
65 646 239 725 maltum
263 654 417 741 tempus
439 636 565 714 denuo
589 616 813 729 extructum¹
829 648 892 713 est
915 640 1034 738 opus,¹
1062 664 1088 740 q

10 823 132 889 nunc,
156 796 242 869 Deo
263 795 494 895 opitulante,
512 789 599 867 Tibi
623 768 772 887 sigrium
793 793 871 865 mei
895 792 1054 883 amoris,
1079 818 1088 865 t

10 952 118 1037 ditae
151 949 292 1023 civitati
322 960 508 1046 tanquam
537 930 844 1043 experimentum
875 945 1008 1020 offerre
1033 906 1088 1019 aut

10 1103 137 1180 studia
165 1103 363 1176 literarum
395 1122 465 1197 pro
493 1099 589 1173 meis
623 1096 770 1171 viribus
800 1098 963 1195 angendi
991 1111 1032 1173 et
1063 1101 1088 1174 lt

13 1255 186 1356 pletandi
239 1252 327 1327 Hoc
351 1253 384 1325 si
407 1249 503 1325 mihi
526 1251 740 1347 contigerit,
764 1251 855 1324 nafis
869 1250 1040 1351 amplum
1060 1276 1088 1352 p

10 1414 122 1486 mium
157 1408 290 1482 tulisse
321 1402 419 1478 mihi
449 1402 627 1492 videbor,
667 1404 925 1500 nequeenim
956 1408 1085 1480 sancl

10 1578 67 1638 rut
96 1561 281 1660 gloriolae
313 1555 453 1654 cupido
484 1554 536 1630 ad
566 1553 759 1651 hocopus
792 1557 1070 1654 suscipiendum

12 1716 171 1814 mpulit;
206 1707 304 1784 illud
329 1730 403 1807 pro
432 1707 579 1780 infinito
607 1702 726 1804 prope
758 1705 887 1783 labore
917 1712 1088 1808 perexigt

10 1881 154 1943 autum
180 1886 265 1939 esse
290 1861 480 1961 potuisse,
510 1859 704 1932 neminem
726 1857 863 1955 fugict,
893 1860 958 1959 qui
979 1867 1088 1941 ratior

10 2032 193 2094 mercatus
217 2015 377 2089 literarii
401 2011 634 2107 cognoverit3
659 2008 757 2083 hanc
783 2033 875 2086 vcro
900 2034 953 2108 ex
974 2015 1044 2090 hoc
1068 2020 1084 2092 l

10 2198 92 2247 meo
118 2191 294 2267 sperare,
333 2166 398 2263 qui
428 2186 510 2238 non
533 2161 770 2237 sermonibus
802 2169 974 2243 omnium
996 2188 1088 2269 gont

13 2317 250 2420 perlustratis
282 2316 450 2392 flosculos
479 2313 647 2411 undique
679 2312 875 2411 decerptos
900 2318 1065 2419 collegit,

16 2471 183 2547 modesto
215 2473 328 2544 umus
360 2467 552 2568 scriptoris
584 2465 708 2565 spatio
741 2468 972 2561 continetur,
1005 2473 1088 2551 horn

11 2640 107 2700 esset
131 2622 299 2722 imperiti
323 2643 475 2695 morum
501 2631 540 2692 et
561 2619 782 2719 opinionum
806 2635 1022 2719 nostrorum
1047 2628 1088 2704 ht

10 2803 124 2868 num,
161 2778 228 2874 qui
251 2772 452 2873 splendida
479 2783 629 2845 tautum
651 2782 690 2844 et
709 2776 906 2869 magnilica
930 2778 1088 2877 ingenim

10 2941 278 3016 monumenta,
315 2938 384 3001 aut
422 2949 519 3023 quac
551 2935 651 2998 certe
685 2927 849 3024 speciem
879 2928 992 3025 hujus
1030 2938 1088 3010 ind

10 3086 174 3159 induant
199 3104 245 3155 ac
268 3101 360 3176 prae
383 3100 425 3152 se
445 3046 592 3168 ferant,
610 3078 916 3173 magnifaciunt,
942 3084 1088 3165 docum«

10 3253 135 3312 antem
171 3230 408 3309 constantiae
444 3243 484 3305 et
520 3229 765 3322 assiduitatis,
804 3237 936 3331 procul
974 3240 1023 3314 ab
1063 3267 1088 3317 o

17 3388 266 3462 mutatione
289 3386 432 3481 posita,
463 3386 575 3483 parvi
600 3385 801 3459 aestimant
825 3399 939 3486 atque
964 3395 1087 3494 neglig

24 3558 72 3610 ne
104 3538 227 3614 dicam
271 3550 528 3613 contemnunt
606 3536 707 3612 Satis
746 3560 840 3613 vero
879 3542 1071 3623 firmatum

19 3703 143 3789 pectus
163 3712 296 3765 mcum
322 3688 504 3766 adversus
528 3691 697 3788 iniquam
722 3690 827 3767 illam
852 3654 1088 3793 stupendae.

22 3847 159 3941 gentian
190 3856 233 3918 et
266 3843 473 3918 laboriosae
507 3842 712 3918 industriae
743 3845 914 3939 laudem,
947 3872 1019 3926 ncc
1043 3860 1088 3929 mi

23 3997 194 4074 adversus
225 3997 467 4095 supercilium
501 4019 650 4087 eorum,
691 4000 755 4094 qui
787 4001 969 4096 ingeniosi
1001 4029 1088 4105 mag

25 4164 214 4251 praecepta
248 4174 317 4250 pro
351 4153 426 4224 suis
456 4151 622 4225 inventis
663 4151 903 4230 venditantes
937 4161 1067 4233 omnia

31 4298 244 4402 lespiciunt,
284 4316 323 4376 ct
356 4304 517 4378 vanitati
556 4326 645 4378 suae
686 4296 824 4402 magna
864 4313 1020 4387 nomina
1056 4334 1088 4410 pr

10 4656 14 4805 l
