<?xml version="1.0" encoding="UTF-8"?>
<!DOCTYPE html PUBLIC "-//W3C//DTD XHTML 1.0 Transitional//EN"
    "http://www.w3.org/TR/xhtml1/DTD/xhtml1-transitional.dtd">
<html xmlns="http://www.w3.org/1999/xhtml" xml:lang="en" lang="en">
 <head>
  <title>
</title>
<meta http-equiv="Content-Type" content="text/html;charset=utf-8" />
  <meta name='ocr-system' content='tesseract 3.04.00' />
  <meta name='ocr-capabilities' content='ocr_page ocr_carea ocr_par ocr_line ocrx_word'/>
</head>
<body>
  <div class='ocr_page' id='page_1' title='image "./mfabiiquintilia01bonngoog_0731.png"; bbox 0 0 2596 4866; ppageno 0'>
   <div class='ocr_carea' id='block_1_1' title="bbox 124 236 736 340">
    <p class='ocr_par' dir='ltr' id='par_1_1' title="bbox 124 236 736 340">
     <span class='ocr_line' id='line_1_1' title="bbox 124 236 736 340; baseline -0.01 -1"><span class='ocrx_word' id='word_1_1' title='bbox 124 275 187 340; x_wconf 86' lang='lat'><strong>656</strong></span> <span class='ocrx_word' id='word_1_2' title='bbox 643 236 736 334; x_wconf 21' lang='lat' dir='ltr'><strong>&#39;Peto</strong></span> 
     </span>
    </p>
   </div>
   <div class='ocr_carea' id='block_1_2' title="bbox 66 440 1291 4239">
    <p class='ocr_par' dir='ltr' id='par_1_2' title="bbox 66 440 1279 3202">
     <span class='ocr_line' id='line_1_2' title="bbox 156 440 1278 517; baseline 0 -18"><span class='ocrx_word' id='word_1_3' title='bbox 156 454 183 511; x_wconf 82' lang='grc'><strong>2,</strong></span> <span class='ocrx_word' id='word_1_4' title='bbox 201 448 244 503; x_wconf 81' lang='grc'><strong>87.</strong></span> <span class='ocrx_word' id='word_1_5' title='bbox 264 445 297 510; x_wconf 81' lang='lat' dir='ltr'><strong>cf.</strong></span> <span class='ocrx_word' id='word_1_6' title='bbox 316 444 344 510; x_wconf 99' lang='lat'>4,</span> <span class='ocrx_word' id='word_1_7' title='bbox 361 443 389 509; x_wconf 91' lang='lat'>4,</span> <span class='ocrx_word' id='word_1_8' title='bbox 407 444 433 497; x_wconf 90' lang='lat'><strong>6.</strong></span> <span class='ocrx_word' id='word_1_9' title='bbox 469 441 534 506; x_wconf 84' lang='lat' dir='ltr'><strong>petit</strong></span> <span class='ocrx_word' id='word_1_10' title='bbox 551 442 691 506; x_wconf 75' lang='lat' dir='ltr'>optionem</span> <span class='ocrx_word' id='word_1_11' title='bbox 708 447 735 507; x_wconf 89' lang='lat'><strong>7,</strong></span> <span class='ocrx_word' id='word_1_12' title='bbox 756 444 782 504; x_wconf 87' lang='grc'><strong>8,</strong></span> <span class='ocrx_word' id='word_1_13' title='bbox 799 440 825 494; x_wconf 92' lang='grc'><strong>4.</strong></span> <span class='ocrx_word' id='word_1_14' title='bbox 844 442 874 494; x_wconf 88' lang='lat' dir='ltr'><strong>L.</strong></span> <span class='ocrx_word' id='word_1_15' title='bbox 896 443 979 493; x_wconf 81' lang='lat' dir='ltr'>Galba</span> <span class='ocrx_word' id='word_1_16' title='bbox 1001 442 1080 505; x_wconf 84' lang='lat' dir='ltr'><strong>pilam</strong></span> <span class='ocrx_word' id='word_1_17' title='bbox 1109 445 1278 517; x_wconf 81' lang='lat' dir='ltr'><strong>negligenter</strong></span> 
     </span>
     <span class='ocr_line' id='line_1_3' title="bbox 156 509 1279 584; baseline 0.001 -17"><span class='ocrx_word' id='word_1_18' title='bbox 156 514 273 584; x_wconf 83' lang='lat' dir='ltr'><strong>petenti,</strong></span> <span class='ocrx_word' id='word_1_19' title='bbox 301 514 364 580; x_wconf 83' lang='lat' dir='ltr'><strong>sio,</strong></span> <span class='ocrx_word' id='word_1_20' title='bbox 391 509 493 579; x_wconf 86' lang='lat' dir='ltr'><strong>inquit,</strong></span> <span class='ocrx_word' id='word_1_21' title='bbox 520 511 604 579; x_wconf 83' lang='lat' dir='ltr'><strong>petis,</strong></span> <span class='ocrx_word' id='word_1_22' title='bbox 629 521 754 579; x_wconf 86' lang='lat' dir='ltr'><strong>tanquam</strong></span> <span class='ocrx_word' id='word_1_23' title='bbox 781 510 903 563; x_wconf 87' lang='lat' dir='ltr'><strong>Caesaris</strong></span> <span class='ocrx_word' id='word_1_24' title='bbox 924 512 1088 564; x_wconf 86' lang='lat' dir='ltr'><strong>candidatus.</strong></span> <span class='ocrx_word' id='word_1_25' title='bbox 1125 516 1195 566; x_wconf 84' lang='lat' dir='ltr'><strong>Nam</strong></span> <span class='ocrx_word' id='word_1_26' title='bbox 1215 516 1279 568; x_wconf 91' lang='lat' dir='ltr'><strong>illud</strong></span> 
     </span>
     <span class='ocr_line' id='line_1_4' title="bbox 155 579 1277 655; baseline 0 -19"><span class='ocrx_word' id='word_1_27' title='bbox 155 584 251 653; x_wconf 84' lang='lat' dir='ltr'><strong>petis</strong></span> <span class='ocrx_word' id='word_1_28' title='bbox 271 583 422 655; x_wconf 79' lang='lat' dir='ltr'><strong>ambiguum</strong></span> <span class='ocrx_word' id='word_1_29' title='bbox 439 587 480 632; x_wconf 83' lang='lat' dir='ltr'><strong>ast</strong></span> <span class='ocrx_word' id='word_1_30' title='bbox 495 580 522 646; x_wconf 87' lang='lat'>6,</span> <span class='ocrx_word' id='word_1_31' title='bbox 542 583 568 647; x_wconf 87' lang='lat'>3,</span> <span class='ocrx_word' id='word_1_32' title='bbox 588 583 628 631; x_wconf 89' lang='grc'><strong>62.</strong></span> <span class='ocrx_word' id='word_1_33' title='bbox 649 584 771 648; x_wconf 78' lang='lat' dir='ltr'><strong>plausum</strong></span> <span class='ocrx_word' id='word_1_34' title='bbox 789 588 861 647; x_wconf 85' lang='lat' dir='ltr'><strong>petat</strong></span> <span class='ocrx_word' id='word_1_35' title='bbox 877 579 903 641; x_wconf 88' lang='lat'>4,</span> <span class='ocrx_word' id='word_1_36' title='bbox 921 585 944 645; x_wconf 87' lang='lat'>1,</span> <span class='ocrx_word' id='word_1_37' title='bbox 958 586 1000 632; x_wconf 87' lang='lat'><strong>77.</strong></span> <span class='ocrx_word' id='word_1_38' title='bbox 1019 598 1053 632; x_wconf 91' lang='lat' dir='ltr'><strong>an</strong></span> <span class='ocrx_word' id='word_1_39' title='bbox 1067 583 1124 633; x_wconf 93' lang='lat' dir='ltr'><strong>ullo</strong></span> <span class='ocrx_word' id='word_1_40' title='bbox 1145 585 1277 651; x_wconf 77' lang='lat' dir='ltr'><strong>(praemio)</strong></span> 
     </span>
     <span class='ocr_line' id='line_1_5' title="bbox 66 647 1277 724; baseline 0 -19"><span class='ocrx_word' id='word_1_41' title='bbox 66 708 69 715; x_wconf 49' lang='grc'>,</span> <span class='ocrx_word' id='word_1_42' title='bbox 157 654 191 705; x_wconf 91' lang='lat' dir='ltr'><strong>sit</strong></span> <span class='ocrx_word' id='word_1_43' title='bbox 209 653 320 724; x_wconf 82' lang='lat' dir='ltr'><strong>dignus,</strong></span> <span class='ocrx_word' id='word_1_44' title='bbox 350 651 396 719; x_wconf 86' lang='lat' dir='ltr'><strong>qui</strong></span> <span class='ocrx_word' id='word_1_45' title='bbox 412 648 479 717; x_wconf 81' lang='lat' dir='ltr'><strong>petit</strong></span> <span class='ocrx_word' id='word_1_46' title='bbox 494 653 521 714; x_wconf 92' lang='lat'>7,</span> <span class='ocrx_word' id='word_1_47' title='bbox 540 647 568 714; x_wconf 84' lang='lat'>4,</span> <span class='ocrx_word' id='word_1_48' title='bbox 592 654 634 701; x_wconf 85' lang='grc'><strong>21.</strong></span> <span class='ocrx_word' id='word_1_49' title='bbox 670 649 838 716; x_wconf 83' lang='lat' dir='ltr'><strong>provinciam</strong></span> <span class='ocrx_word' id='word_1_50' title='bbox 864 650 1079 701; x_wconf 71' lang='lat' dir='ltr'><strong>ambitiosissime</strong></span> <span class='ocrx_word' id='word_1_51' title='bbox 1104 653 1277 719; x_wconf 84' lang='lat' dir='ltr'><strong>petierat,</strong></span> 
     </span>
     <span class='ocr_line' id='line_1_6' title="bbox 157 718 1275 789; baseline -0.001 -15"><span class='ocrx_word' id='word_1_52' title='bbox 157 723 254 775; x_wconf 88' lang='lat' dir='ltr'><strong>deinde</strong></span> <span class='ocrx_word' id='word_1_53' title='bbox 272 721 465 789; x_wconf 84' lang='lat' dir='ltr'><strong>impetrata</strong></span> <span class='ocrx_word' id='word_1_54' title='bbox 483 734 518 785; x_wconf 82' lang='lat' dir='ltr'><strong>ea</strong></span> <span class='ocrx_word' id='word_1_55' title='bbox 533 718 559 781; x_wconf 90' lang='lat'>6,</span> <span class='ocrx_word' id='word_1_56' title='bbox 577 721 602 783; x_wconf 88' lang='grc'><strong>3,</strong></span> <span class='ocrx_word' id='word_1_57' title='bbox 621 720 664 771; x_wconf 90' lang='grc'><strong>68.</strong></span> <span class='ocrx_word' id='word_1_58' title='bbox 700 719 723 770; x_wconf 87' lang='lat' dir='ltr'><strong>si</strong></span> <span class='ocrx_word' id='word_1_59' title='bbox 744 735 824 770; x_wconf 89' lang='lat' dir='ltr'><strong>unam</strong></span> <span class='ocrx_word' id='word_1_60' title='bbox 842 735 898 769; x_wconf 88' lang='lat' dir='ltr'><strong>rem</strong></span> <span class='ocrx_word' id='word_1_61' title='bbox 917 721 1007 784; x_wconf 79' lang='lat' dir='ltr'><strong>plures</strong></span> <span class='ocrx_word' id='word_1_62' title='bbox 1031 728 1126 785; x_wconf 83' lang='lat' dir='ltr'><strong>petunt</strong></span> <span class='ocrx_word' id='word_1_63' title='bbox 1144 724 1173 786; x_wconf 88' lang='grc'><strong>3,</strong></span> <span class='ocrx_word' id='word_1_64' title='bbox 1191 724 1218 786; x_wconf 97' lang='grc'><strong>6,</strong></span> <span class='ocrx_word' id='word_1_65' title='bbox 1234 726 1275 778; x_wconf 85' lang='grc'><strong>95.</strong></span> 
     </span>
     <span class='ocr_line' id='line_1_7' title="bbox 157 786 1274 857; baseline 0.001 -14"><span class='ocrx_word' id='word_1_66' title='bbox 157 789 315 857; x_wconf 59' lang='grc'>011211,</span> <span class='ocrx_word' id='word_1_67' title='bbox 337 793 379 842; x_wconf 91' lang='grc'><strong>10.</strong></span> <span class='ocrx_word' id='word_1_68' title='bbox 412 786 532 839; x_wconf 85' lang='lat' dir='ltr'><strong>medicus</strong></span> <span class='ocrx_word' id='word_1_69' title='bbox 550 787 688 839; x_wconf 89' lang='lat' dir='ltr'><strong>sanitatem</strong></span> <span class='ocrx_word' id='word_1_70' title='bbox 714 787 787 857; x_wconf 84' lang='lat' dir='ltr'><strong>aegri</strong></span> <span class='ocrx_word' id='word_1_71' title='bbox 816 786 882 855; x_wconf 84' lang='lat' dir='ltr'><strong>petit</strong></span> <span class='ocrx_word' id='word_1_72' title='bbox 903 791 935 851; x_wconf 92' lang='grc'><strong>2,</strong></span> <span class='ocrx_word' id='word_1_73' title='bbox 966 792 1015 852; x_wconf 93' lang='grc'><strong>17,</strong></span> <span class='ocrx_word' id='word_1_74' title='bbox 1039 790 1083 841; x_wconf 86' lang='grc'><strong>25.</strong></span> <span class='ocrx_word' id='word_1_75' title='bbox 1118 796 1274 857; x_wconf 79' lang='lat' dir='ltr'><strong>sententiae,</strong></span> 
     </span>
     <span class='ocr_line' id='line_1_8' title="bbox 157 856 1271 929; baseline 0 -17"><span class='ocrx_word' id='word_1_76' title='bbox 157 878 222 929; x_wconf 86' lang='lat' dir='ltr'><strong>quas</strong></span> <span class='ocrx_word' id='word_1_77' title='bbox 244 862 315 912; x_wconf 86' lang='lat' dir='ltr'><strong>solas</strong></span> <span class='ocrx_word' id='word_1_78' title='bbox 332 862 424 925; x_wconf 79' lang='lat' dir='ltr'><strong>petunt</strong></span> <span class='ocrx_word' id='word_1_79' title='bbox 441 860 467 920; x_wconf 84' lang='grc'><strong>2,</strong></span> <span class='ocrx_word' id='word_1_80' title='bbox 497 860 539 919; x_wconf 91' lang='grc'><strong>12,</strong></span> <span class='ocrx_word' id='word_1_81' title='bbox 563 861 589 909; x_wconf 89' lang='grc'><strong>7.</strong></span> <span class='ocrx_word' id='word_1_82' title='bbox 632 856 655 908; x_wconf 92' lang='lat' dir='ltr'><strong>si</strong></span> <span class='ocrx_word' id='word_1_83' title='bbox 679 856 718 924; x_wconf 91' lang='lat' dir='ltr'><strong>is,</strong></span> <span class='ocrx_word' id='word_1_84' title='bbox 749 856 792 907; x_wconf 91' lang='lat' dir='ltr'><strong>cui</strong></span> <span class='ocrx_word' id='word_1_85' title='bbox 817 863 956 926; x_wconf 80' lang='lat' dir='ltr'><strong>argentum</strong></span> <span class='ocrx_word' id='word_1_86' title='bbox 978 872 1058 908; x_wconf 84' lang='lat' dir='ltr'><strong>omna</strong></span> <span class='ocrx_word' id='word_1_87' title='bbox 1084 858 1204 928; x_wconf 77' lang='lat' dir='ltr'><strong>legatum</strong></span> <span class='ocrx_word' id='word_1_88' title='bbox 1225 872 1271 927; x_wconf 84' lang='lat' dir='ltr'><strong>est,</strong></span> 
     </span>
     <span class='ocr_line' id='line_1_9' title="bbox 155 925 1270 1000; baseline -0.005 -18"><span class='ocrx_word' id='word_1_89' title='bbox 155 938 228 997; x_wconf 89' lang='lat' dir='ltr'><strong>petat</strong></span> <span class='ocrx_word' id='word_1_90' title='bbox 245 929 376 1000; x_wconf 86' lang='lat' dir='ltr'><strong>signatum</strong></span> <span class='ocrx_word' id='word_1_91' title='bbox 396 941 504 992; x_wconf 81' lang='lat' dir='ltr'><strong>quoque</strong></span> <span class='ocrx_word' id='word_1_92' title='bbox 527 925 553 989; x_wconf 95' lang='grc'><strong>5,</strong></span> <span class='ocrx_word' id='word_1_93' title='bbox 579 928 621 990; x_wconf 89' lang='grc'>10,</span> <span class='ocrx_word' id='word_1_94' title='bbox 647 926 689 977; x_wconf 86' lang='grc'><strong>62.</strong></span> <span class='ocrx_word' id='word_1_95' title='bbox 726 942 788 977; x_wconf 82' lang='lat' dir='ltr'><strong>cnm</strong></span> <span class='ocrx_word' id='word_1_96' title='bbox 816 941 940 977; x_wconf 88' lang='lat' dir='ltr'><strong>somnum</strong></span> <span class='ocrx_word' id='word_1_97' title='bbox 967 934 1089 991; x_wconf 83' lang='lat' dir='ltr'><strong>peterent</strong></span> <span class='ocrx_word' id='word_1_98' title='bbox 1115 934 1150 992; x_wconf 81' lang='grc'><strong>0,</strong></span> <span class='ocrx_word' id='word_1_99' title='bbox 1177 928 1206 993; x_wconf 92' lang='grc'><strong>4,</strong></span> <span class='ocrx_word' id='word_1_100' title='bbox 1230 934 1270 982; x_wconf 80' lang='grc'><strong>12.</strong></span> 
     </span>
     <span class='ocr_line' id='line_1_10' title="bbox 156 992 1272 1064; baseline -0.003 -11"><span class='ocrx_word' id='word_1_101' title='bbox 156 999 265 1053; x_wconf 82' lang='lat' dir='ltr'><strong>veniam</strong></span> <span class='ocrx_word' id='word_1_102' title='bbox 284 1004 375 1064; x_wconf 83' lang='lat' dir='ltr'><strong>patero</strong></span> <span class='ocrx_word' id='word_1_103' title='bbox 393 996 419 1060; x_wconf 90' lang='grc'>6,</span> <span class='ocrx_word' id='word_1_104' title='bbox 437 998 464 1059; x_wconf 96' lang='grc'><strong>2,</strong></span> <span class='ocrx_word' id='word_1_105' title='bbox 483 992 524 1045; x_wconf 94' lang='grc'><strong>15.</strong></span> <span class='ocrx_word' id='word_1_106' title='bbox 546 992 723 1061; x_wconf 74' lang='lat' dir='ltr'><strong>pituitam,</strong></span> <span class='ocrx_word' id='word_1_107' title='bbox 741 993 805 1061; x_wconf 85' lang='lat' dir='ltr'><strong>quia</strong></span> <span class='ocrx_word' id='word_1_108' title='bbox 822 1002 919 1060; x_wconf 89' lang='lat' dir='ltr'><strong>petat</strong></span> <span class='ocrx_word' id='word_1_109' title='bbox 936 994 1019 1046; x_wconf 88' lang='lat' dir='ltr'><strong>vitam</strong></span> <span class='ocrx_word' id='word_1_110' title='bbox 1034 998 1058 1057; x_wconf 93' lang='grc' dir='ltr'><strong>ι,</strong></span> <span class='ocrx_word' id='word_1_111' title='bbox 1076 995 1104 1060; x_wconf 90' lang='grc'><strong>6,</strong></span> <span class='ocrx_word' id='word_1_112' title='bbox 1122 998 1167 1049; x_wconf 86' lang='grc'><strong>36.</strong></span> <span class='ocrx_word' id='word_1_113' title='bbox 1188 1008 1272 1050; x_wconf 90' lang='lat' dir='ltr'><strong>orator</strong></span> 
     </span>
     <span class='ocr_line' id='line_1_11' title="bbox 157 1062 1272 1132; baseline 0.001 -12"><span class='ocrx_word' id='word_1_114' title='bbox 157 1065 243 1120; x_wconf 87' lang='lat' dir='ltr'><strong>simile</strong></span> <span class='ocrx_word' id='word_1_115' title='bbox 260 1074 360 1118; x_wconf 89' lang='lat' dir='ltr'><strong>tantum</strong></span> <span class='ocrx_word' id='word_1_116' title='bbox 380 1062 441 1116; x_wconf 82' lang='lat' dir='ltr'><strong>veri</strong></span> <span class='ocrx_word' id='word_1_117' title='bbox 463 1063 530 1129; x_wconf 86' lang='lat' dir='ltr'><strong>petit</strong></span> <span class='ocrx_word' id='word_1_118' title='bbox 556 1066 582 1127; x_wconf 88' lang='grc'>2,</span> <span class='ocrx_word' id='word_1_119' title='bbox 606 1063 648 1127; x_wconf 87' lang='grc'>15,</span> <span class='ocrx_word' id='word_1_120' title='bbox 672 1065 715 1114; x_wconf 89' lang='grc'><strong>32.</strong></span> <span class='ocrx_word' id='word_1_121' title='bbox 750 1066 917 1129; x_wconf 86' lang='lat' dir='ltr'><strong>voluptatem</strong></span> <span class='ocrx_word' id='word_1_122' title='bbox 941 1063 1106 1114; x_wconf 85' lang='lat' dir='ltr'><strong>audientium</strong></span> <span class='ocrx_word' id='word_1_123' title='bbox 1132 1076 1225 1132; x_wconf 88' lang='lat' dir='ltr'><strong>petere</strong></span> <span class='ocrx_word' id='word_1_124' title='bbox 1249 1068 1272 1130; x_wconf 89' lang='grc'><strong>5,</strong></span> 
     </span>
     <span class='ocr_line' id='line_1_12' title="bbox 155 1130 1273 1200; baseline -0.001 -12"><span class='ocrx_word' id='word_1_125' title='bbox 155 1138 200 1189; x_wconf 85' lang='lat' dir='ltr'><strong>Pr.</strong></span> <span class='ocrx_word' id='word_1_126' title='bbox 225 1139 250 1187; x_wconf 89' lang='lat' dir='ltr'><strong>t.</strong></span> <span class='ocrx_word' id='word_1_127' title='bbox 285 1136 426 1186; x_wconf 77' lang='lat' dir='ltr'><strong>saltatorem</strong></span> <span class='ocrx_word' id='word_1_128' title='bbox 450 1130 600 1197; x_wconf 85' lang='lat' dir='ltr'><strong>petentibus</strong></span> <span class='ocrx_word' id='word_1_129' title='bbox 622 1147 719 1184; x_wconf 81' lang='lat' dir='ltr'><strong>vocem</strong></span> <span class='ocrx_word' id='word_1_130' title='bbox 753 1135 800 1198; x_wconf 90' lang='grc'><strong>10,</strong></span> <span class='ocrx_word' id='word_1_131' title='bbox 827 1138 858 1196; x_wconf 89' lang='grc'><strong>7,</strong></span> <span class='ocrx_word' id='word_1_132' title='bbox 881 1136 907 1183; x_wconf 88' lang='grc'><strong>2.</strong></span> <span class='ocrx_word' id='word_1_133' title='bbox 943 1132 974 1196; x_wconf 90' lang='lat' dir='ltr'><strong>b)</strong></span> <span class='ocrx_word' id='word_1_134' title='bbox 998 1136 1087 1187; x_wconf 75' lang='lat' dir='ltr'><strong>Pasa:</strong></span> <span class='ocrx_word' id='word_1_135' title='bbox 1110 1136 1213 1200; x_wconf 71' lang='lat' dir='ltr'><strong>petitin-</strong></span> <span class='ocrx_word' id='word_1_136' title='bbox 1237 1139 1273 1187; x_wconf 87' lang='lat' dir='ltr'><strong>ad</strong></span> 
     </span>
     <span class='ocr_line' id='line_1_13' title="bbox 156 1199 1272 1272; baseline -0.001 -14"><span class='ocrx_word' id='word_1_137' title='bbox 156 1201 315 1272; x_wconf 80' lang='lat' dir='ltr'><strong>supplicium</strong></span> <span class='ocrx_word' id='word_1_138' title='bbox 332 1208 359 1268; x_wconf 90' lang='lat'><strong>7,</strong></span> <span class='ocrx_word' id='word_1_139' title='bbox 380 1202 406 1267; x_wconf 87' lang='grc'>6,</span> <span class='ocrx_word' id='word_1_140' title='bbox 424 1202 451 1253; x_wconf 89' lang='grc'><strong>6.</strong></span> <span class='ocrx_word' id='word_1_141' title='bbox 487 1209 613 1266; x_wconf 87' lang='lat' dir='ltr'><strong>petuntur</strong></span> <span class='ocrx_word' id='word_1_142' title='bbox 629 1200 662 1251; x_wconf 90' lang='lat' dir='ltr'><strong>in</strong></span> <span class='ocrx_word' id='word_1_143' title='bbox 683 1201 792 1253; x_wconf 79' lang='lat' dir='ltr'><strong>vincula</strong></span> <span class='ocrx_word' id='word_1_144' title='bbox 817 1205 852 1265; x_wconf 89' lang='lat'><strong>7,</strong></span> <span class='ocrx_word' id='word_1_145' title='bbox 877 1204 908 1264; x_wconf 88' lang='lat'>1,</span> <span class='ocrx_word' id='word_1_146' title='bbox 937 1203 986 1265; x_wconf 90' lang='grc'><strong>55,</strong></span> <span class='ocrx_word' id='word_1_147' title='bbox 1023 1199 1088 1268; x_wconf 87' lang='lat' dir='ltr'><strong>quid</strong></span> <span class='ocrx_word' id='word_1_148' title='bbox 1114 1204 1183 1256; x_wconf 84' lang='lat' dir='ltr'><strong>satis</strong></span> <span class='ocrx_word' id='word_1_149' title='bbox 1204 1214 1272 1257; x_wconf 83' lang='lat' dir='ltr'><strong>recte</strong></span> 
     </span>
     <span class='ocr_line' id='line_1_14' title="bbox 156 1267 1270 1338; baseline -0.002 -11"><span class='ocrx_word' id='word_1_150' title='bbox 156 1280 309 1327; x_wconf 80' lang='lat' dir='ltr'><strong>cavetur</strong></span> <span class='ocrx_word' id='word_1_151' title='bbox 327 1286 357 1322; x_wconf 86' lang='lat' dir='ltr'><strong>ac</strong></span> <span class='ocrx_word' id='word_1_152' title='bbox 375 1269 512 1337; x_wconf 87' lang='lat' dir='ltr'><strong>petitur</strong></span> <span class='ocrx_word' id='word_1_153' title='bbox 530 1271 573 1331; x_wconf 84' lang='lat' dir='ltr'><strong>(tn</strong></span> <span class='ocrx_word' id='word_1_154' title='bbox 590 1267 734 1336; x_wconf 78' lang='lat' dir='ltr'><strong>palaestra)</strong></span> <span class='ocrx_word' id='word_1_155' title='bbox 751 1272 778 1334; x_wconf 89' lang='lat'><strong>9,</strong></span> <span class='ocrx_word' id='word_1_156' title='bbox 795 1268 822 1335; x_wconf 84' lang='lat'>4,</span> <span class='ocrx_word' id='word_1_157' title='bbox 839 1271 866 1322; x_wconf 88' lang='grc'><strong>8.</strong></span> <span class='ocrx_word' id='word_1_158' title='bbox 885 1276 973 1321; x_wconf 88' lang='lat' dir='ltr'><strong>celera</strong></span> <span class='ocrx_word' id='word_1_159' title='bbox 992 1286 1088 1337; x_wconf 85' lang='lat' dir='ltr'><strong>parum</strong></span> <span class='ocrx_word' id='word_1_160' title='bbox 1105 1271 1270 1338; x_wconf 78' lang='lat' dir='ltr'><strong>vitantur,</strong></span> 
     </span>
     <span class='ocr_line' id='line_1_15' title="bbox 84 1337 1270 1408; baseline -0.003 -13"><span class='ocrx_word' id='word_1_161' title='bbox 84 1360 88 1373; x_wconf 89' lang='lat'><strong>·</strong></span> <span class='ocrx_word' id='word_1_162' title='bbox 155 1344 210 1395; x_wconf 86' lang='lat' dir='ltr'><strong>hoo</strong></span> <span class='ocrx_word' id='word_1_163' title='bbox 227 1339 411 1408; x_wconf 76' lang='lat' dir='ltr'><strong>petituril,</strong></span> <span class='ocrx_word' id='word_1_164' title='bbox 434 1340 460 1401; x_wconf 88' lang='grc'>3,</span> <span class='ocrx_word' id='word_1_165' title='bbox 481 1338 524 1391; x_wconf 92' lang='grc'><strong>57.</strong></span> <span class='ocrx_word' id='word_1_166' title='bbox 555 1355 622 1404; x_wconf 85' lang='lat' dir='ltr'><strong>quae</strong></span> <span class='ocrx_word' id='word_1_167' title='bbox 641 1346 696 1389; x_wconf 83' lang='lat' dir='ltr'><strong>lota</strong></span> <span class='ocrx_word' id='word_1_168' title='bbox 713 1347 790 1391; x_wconf 80' lang='lat' dir='ltr'><strong>extra</strong></span> <span class='ocrx_word' id='word_1_169' title='bbox 809 1355 867 1391; x_wconf 89' lang='lat' dir='ltr'><strong>rem</strong></span> <span class='ocrx_word' id='word_1_170' title='bbox 884 1337 966 1406; x_wconf 84' lang='lat' dir='ltr'><strong>petita</strong></span> <span class='ocrx_word' id='word_1_171' title='bbox 985 1347 1045 1390; x_wconf 91' lang='lat' dir='ltr'><strong>sunt</strong></span> <span class='ocrx_word' id='word_1_172' title='bbox 1063 1338 1091 1404; x_wconf 89' lang='lat'><strong>4,</strong></span> <span class='ocrx_word' id='word_1_173' title='bbox 1108 1344 1138 1405; x_wconf 89' lang='grc'><strong>2,</strong></span> <span class='ocrx_word' id='word_1_174' title='bbox 1158 1344 1270 1397; x_wconf 83' lang='lat' dir='ltr'><strong>89.cum</strong></span> 
     </span>
     <span class='ocr_line' id='line_1_16' title="bbox 156 1405 1269 1476; baseline -0.002 -13"><span class='ocrx_word' id='word_1_175' title='bbox 156 1427 198 1475; x_wconf 87' lang='lat' dir='ltr'><strong>ea,</strong></span> <span class='ocrx_word' id='word_1_176' title='bbox 215 1426 284 1476; x_wconf 88' lang='lat' dir='ltr'><strong>quae</strong></span> <span class='ocrx_word' id='word_1_177' title='bbox 303 1406 492 1476; x_wconf 86' lang='lat' dir='ltr'><strong>praedicta</strong></span> <span class='ocrx_word' id='word_1_178' title='bbox 512 1409 624 1459; x_wconf 86' lang='lat' dir='ltr'><strong>suntab</strong></span> <span class='ocrx_word' id='word_1_179' title='bbox 642 1416 812 1475; x_wconf 80' lang='lat' dir='ltr'><strong>accusatore,</strong></span> <span class='ocrx_word' id='word_1_180' title='bbox 834 1408 900 1475; x_wconf 84' lang='lat' dir='ltr'><strong>jam,</strong></span> <span class='ocrx_word' id='word_1_181' title='bbox 920 1405 943 1458; x_wconf 92' lang='lat' dir='ltr'><strong>si</strong></span> <span class='ocrx_word' id='word_1_182' title='bbox 960 1423 1009 1475; x_wconf 91' lang='lat' dir='ltr'><strong>pro</strong></span> <span class='ocrx_word' id='word_1_183' title='bbox 1029 1423 1079 1460; x_wconf 88' lang='lat' dir='ltr'><strong>reo</strong></span> <span class='ocrx_word' id='word_1_184' title='bbox 1096 1418 1269 1476; x_wconf 78' lang='lat' dir='ltr'><strong>petentur,</strong></span> 
     </span>
     <span class='ocr_line' id='line_1_17' title="bbox 155 1474 1269 1545; baseline 0 -14"><span class='ocrx_word' id='word_1_185' title='bbox 155 1495 210 1531; x_wconf 85' lang='lat' dir='ltr'><strong>non</strong></span> <span class='ocrx_word' id='word_1_186' title='bbox 227 1478 281 1531; x_wconf 84' lang='lat' dir='ltr'><strong>sint</strong></span> <span class='ocrx_word' id='word_1_187' title='bbox 300 1494 372 1530; x_wconf 79' lang='lat' dir='ltr'><strong>nova</strong></span> <span class='ocrx_word' id='word_1_188' title='bbox 389 1476 462 1544; x_wconf 87' lang='lat' dir='ltr'><strong>(Sp.</strong></span> <span class='ocrx_word' id='word_1_189' title='bbox 479 1474 580 1539; x_wconf 81' lang='lat' dir='ltr'><strong>frustra</strong></span> <span class='ocrx_word' id='word_1_190' title='bbox 597 1488 727 1545; x_wconf 74' lang='lat' dir='ltr'><strong>utrumque</strong></span> <span class='ocrx_word' id='word_1_191' title='bbox 743 1480 845 1529; x_wconf 84' lang='lat' dir='ltr'><strong>uerbum</strong></span> <span class='ocrx_word' id='word_1_192' title='bbox 862 1477 962 1538; x_wconf 85' lang='lat' dir='ltr'><strong>tentat)</strong></span> <span class='ocrx_word' id='word_1_193' title='bbox 987 1477 1013 1540; x_wconf 86' lang='lat'>6,</span> <span class='ocrx_word' id='word_1_194' title='bbox 1041 1482 1066 1541; x_wconf 92' lang='lat'>1,</span> <span class='ocrx_word' id='word_1_195' title='bbox 1086 1480 1122 1529; x_wconf 84' lang='grc'><strong>20</strong></span> <span class='ocrx_word' id='word_1_196' title='bbox 1141 1482 1197 1545; x_wconf 87' lang='lat' dir='ltr'><strong>ttt.,·</strong></span> <span class='ocrx_word' id='word_1_197' title='bbox 1221 1480 1269 1532; x_wconf 83' lang='lat' dir='ltr'><strong>illic</strong></span> 
     </span>
     <span class='ocr_line' id='line_1_18' title="bbox 155 1542 1269 1615; baseline 0.001 -16"><span class='ocrx_word' id='word_1_198' title='bbox 155 1546 277 1615; x_wconf 89' lang='lat' dir='ltr'><strong>probatio</strong></span> <span class='ocrx_word' id='word_1_199' title='bbox 296 1547 409 1614; x_wconf 85' lang='lat' dir='ltr'><strong>petitur,</strong></span> <span class='ocrx_word' id='word_1_200' title='bbox 433 1544 478 1596; x_wconf 90' lang='lat' dir='ltr'><strong>hic</strong></span> <span class='ocrx_word' id='word_1_201' title='bbox 496 1545 665 1612; x_wconf 89' lang='lat' dir='ltr'><strong>amplificatio</strong></span> <span class='ocrx_word' id='word_1_202' title='bbox 682 1547 709 1611; x_wconf 88' lang='grc'>8,</span> <span class='ocrx_word' id='word_1_203' title='bbox 728 1542 755 1611; x_wconf 87' lang='grc'>4,</span> <span class='ocrx_word' id='word_1_204' title='bbox 777 1551 820 1600; x_wconf 90' lang='grc'><strong>12.</strong></span> <span class='ocrx_word' id='word_1_205' title='bbox 855 1545 932 1597; x_wconf 89' lang='lat' dir='ltr'><strong>eand.</strong></span> <span class='ocrx_word' id='word_1_206' title='bbox 951 1544 1166 1611; x_wconf 76' lang='lat' dir='ltr'><strong>(admirationem</strong></span> <span class='ocrx_word' id='word_1_207' title='bbox 1184 1553 1208 1600; x_wconf 79' lang='lat' dir='ltr'><strong>ia</strong></span> <span class='ocrx_word' id='word_1_208' title='bbox 1224 1556 1269 1600; x_wconf 86' lang='lat' dir='ltr'><strong>eto-</strong></span> 
     </span>
     <span class='ocr_line' id='line_1_19' title="bbox 155 1612 1268 1685; baseline 0.001 -18"><span class='ocrx_word' id='word_1_209' title='bbox 155 1616 274 1685; x_wconf 79' lang='lat' dir='ltr'><strong>quentia)</strong></span> <span class='ocrx_word' id='word_1_210' title='bbox 297 1618 439 1684; x_wconf 82' lang='lat' dir='ltr'><strong>petendam</strong></span> <span class='ocrx_word' id='word_1_211' title='bbox 456 1614 573 1665; x_wconf 86' lang='lat' dir='ltr'><strong>maxime</strong></span> <span class='ocrx_word' id='word_1_212' title='bbox 590 1617 617 1681; x_wconf 88' lang='lat'><strong>8,</strong></span> <span class='ocrx_word' id='word_1_213' title='bbox 638 1617 665 1679; x_wconf 93' lang='grc'><strong>3,</strong></span> <span class='ocrx_word' id='word_1_214' title='bbox 682 1615 710 1668; x_wconf 91' lang='grc'><strong>6.</strong></span> <span class='ocrx_word' id='word_1_215' title='bbox 744 1632 849 1684; x_wconf 58' lang='lat' dir='ltr'><strong>nome,</strong></span> <span class='ocrx_word' id='word_1_216' title='bbox 872 1612 933 1682; x_wconf 82' lang='lat' dir='ltr'><strong>quia</strong></span> <span class='ocrx_word' id='word_1_217' title='bbox 957 1613 992 1666; x_wconf 90' lang='lat' dir='ltr'><strong>sit</strong></span> <span class='ocrx_word' id='word_1_218' title='bbox 1010 1615 1127 1667; x_wconf 85' lang='lat' dir='ltr'><strong>honesta</strong></span> <span class='ocrx_word' id='word_1_219' title='bbox 1153 1630 1200 1669; x_wconf 84' lang='lat' dir='ltr'><strong>etc.</strong></span> <span class='ocrx_word' id='word_1_220' title='bbox 1217 1618 1268 1668; x_wconf 84' lang='lat' dir='ltr'><strong>elo-</strong></span> 
     </span>
     <span class='ocr_line' id='line_1_20' title="bbox 105 1681 1268 1755; baseline 0 -18"><span class='ocrx_word' id='word_1_221' title='bbox 105 1740 112 1747; x_wconf 66' lang='lat'>,</span> <span class='ocrx_word' id='word_1_222' title='bbox 155 1684 282 1754; x_wconf 83' lang='lat' dir='ltr'><strong>quentia,</strong></span> <span class='ocrx_word' id='word_1_223' title='bbox 306 1685 405 1752; x_wconf 90' lang='lat' dir='ltr'><strong>petitur</strong></span> <span class='ocrx_word' id='word_1_224' title='bbox 428 1683 487 1751; x_wconf 89' lang='lat' dir='ltr'><strong>ipsa</strong></span> <span class='ocrx_word' id='word_1_225' title='bbox 512 1689 546 1751; x_wconf 91' lang='lat'>1,</span> <span class='ocrx_word' id='word_1_226' title='bbox 570 1687 620 1750; x_wconf 93' lang='grc'><strong>12,</strong></span> <span class='ocrx_word' id='word_1_227' title='bbox 646 1682 688 1734; x_wconf 94' lang='grc'><strong>16.</strong></span> <span class='ocrx_word' id='word_1_228' title='bbox 724 1700 786 1736; x_wconf 89' lang='lat' dir='ltr'><strong>cum</strong></span> <span class='ocrx_word' id='word_1_229' title='bbox 811 1681 890 1737; x_wconf 87' lang='lat' dir='ltr'><strong>etiarn</strong></span> <span class='ocrx_word' id='word_1_230' title='bbox 913 1683 951 1735; x_wconf 90' lang='lat' dir='ltr'><strong>in</strong></span> <span class='ocrx_word' id='word_1_231' title='bbox 974 1682 1152 1755; x_wconf 81' lang='lat' dir='ltr'><strong>Panegyricis</strong></span> <span class='ocrx_word' id='word_1_232' title='bbox 1175 1695 1268 1754; x_wconf 83' lang='lat' dir='ltr'><strong>petatur</strong></span> 
     </span>
     <span class='ocr_line' id='line_1_21' title="bbox 154 1751 1268 1822; baseline -0.001 -16"><span class='ocrx_word' id='word_1_233' title='bbox 154 1753 318 1807; x_wconf 87' lang='lat' dir='ltr'><strong>audientium</strong></span> <span class='ocrx_word' id='word_1_234' title='bbox 340 1756 420 1807; x_wconf 85' lang='lat' dir='ltr'><strong>favor</strong></span> <span class='ocrx_word' id='word_1_235' title='bbox 446 1754 478 1817; x_wconf 82' lang='lat'>3,</span> <span class='ocrx_word' id='word_1_236' title='bbox 505 1754 538 1818; x_wconf 90' lang='grc'><strong>8,</strong></span> <span class='ocrx_word' id='word_1_237' title='bbox 565 1756 592 1805; x_wconf 82' lang='grc'><strong>7.</strong></span> <span class='ocrx_word' id='word_1_238' title='bbox 627 1751 764 1806; x_wconf 85' lang='lat' dir='ltr'><strong>inclinatio</strong></span> <span class='ocrx_word' id='word_1_239' title='bbox 794 1752 910 1820; x_wconf 86' lang='lat' dir='ltr'><strong>judicum</strong></span> <span class='ocrx_word' id='word_1_240' title='bbox 936 1752 968 1802; x_wconf 87' lang='lat' dir='ltr'><strong>ad</strong></span> <span class='ocrx_word' id='word_1_241' title='bbox 996 1768 1046 1805; x_wconf 90' lang='lat' dir='ltr'><strong>nos</strong></span> <span class='ocrx_word' id='word_1_242' title='bbox 1073 1754 1178 1822; x_wconf 87' lang='lat' dir='ltr'><strong>petitur</strong></span> <span class='ocrx_word' id='word_1_243' title='bbox 1199 1755 1268 1807; x_wconf 89' lang='lat' dir='ltr'><strong>initio</strong></span> 
     </span>
     <span class='ocr_line' id='line_1_22' title="bbox 155 1819 1267 1892; baseline -0.001 -16"><span class='ocrx_word' id='word_1_244' title='bbox 155 1823 261 1892; x_wconf 89' lang='lat' dir='ltr'><strong>parcius</strong></span> <span class='ocrx_word' id='word_1_245' title='bbox 279 1825 305 1888; x_wconf 86' lang='grc'><strong>6,</strong></span> <span class='ocrx_word' id='word_1_246' title='bbox 325 1827 349 1888; x_wconf 95' lang='grc'><strong>1,</strong></span> <span class='ocrx_word' id='word_1_247' title='bbox 372 1828 415 1876; x_wconf 93' lang='grc'><strong>10.</strong></span> <span class='ocrx_word' id='word_1_248' title='bbox 451 1822 510 1873; x_wconf 86' lang='lat' dir='ltr'><strong>sola</strong></span> <span class='ocrx_word' id='word_1_249' title='bbox 526 1819 623 1873; x_wconf 84' lang='lat' dir='ltr'><strong>melius</strong></span> <span class='ocrx_word' id='word_1_250' title='bbox 640 1820 747 1874; x_wconf 86' lang='lat' dir='ltr'><strong>dicendi</strong></span> <span class='ocrx_word' id='word_1_251' title='bbox 770 1820 871 1890; x_wconf 89' lang='lat' dir='ltr'><strong>petitur</strong></span> <span class='ocrx_word' id='word_1_252' title='bbox 893 1820 1001 1875; x_wconf 84' lang='lat' dir='ltr'><strong>occasio</strong></span> <span class='ocrx_word' id='word_1_253' title='bbox 1023 1823 1056 1888; x_wconf 95' lang='grc'><strong>9,</strong></span> <span class='ocrx_word' id='word_1_254' title='bbox 1081 1828 1118 1887; x_wconf 91' lang='grc'><strong>2,</strong></span> <span class='ocrx_word' id='word_1_255' title='bbox 1144 1824 1191 1879; x_wconf 87' lang='grc'><strong>96.</strong></span> <span class='ocrx_word' id='word_1_256' title='bbox 1220 1839 1267 1892; x_wconf 85' lang='lat' dir='ltr'><strong>qno</strong></span> 
     </span>
     <span class='ocr_line' id='line_1_23' title="bbox 156 1887 1267 1961; baseline 0.001 -17"><span class='ocrx_word' id='word_1_257' title='bbox 156 1910 278 1961; x_wconf 80' lang='lat' dir='ltr'><strong>qaaaeque</strong></span> <span class='ocrx_word' id='word_1_258' title='bbox 296 1891 410 1958; x_wconf 77' lang='lat' dir='ltr'><strong>(oratio)</strong></span> <span class='ocrx_word' id='word_1_259' title='bbox 434 1888 540 1961; x_wconf 86' lang='lat' dir='ltr'><strong>longius</strong></span> <span class='ocrx_word' id='word_1_260' title='bbox 566 1888 648 1957; x_wconf 86' lang='lat' dir='ltr'><strong>petita</strong></span> <span class='ocrx_word' id='word_1_261' title='bbox 670 1899 712 1942; x_wconf 85' lang='lat' dir='ltr'><strong>est</strong></span> <span class='ocrx_word' id='word_1_262' title='bbox 735 1893 762 1956; x_wconf 88' lang='grc'><strong>8,</strong></span> <span class='ocrx_word' id='word_1_263' title='bbox 786 1894 812 1957; x_wconf 89' lang='grc'><strong>3,</strong></span> <span class='ocrx_word' id='word_1_264' title='bbox 839 1887 883 1945; x_wconf 84' lang='grc'><strong>74.</strong></span> <span class='ocrx_word' id='word_1_265' title='bbox 919 1898 990 1942; x_wconf 87' lang='lat' dir='ltr'><strong>esset</strong></span> <span class='ocrx_word' id='word_1_266' title='bbox 1013 1890 1145 1949; x_wconf 85' lang='lat' dir='ltr'><strong>orationis</strong></span> <span class='ocrx_word' id='word_1_267' title='bbox 1171 1894 1267 1945; x_wconf 76' lang='lat' dir='ltr'><strong>senem</strong></span> 
     </span>
     <span class='ocr_line' id='line_1_24' title="bbox 155 1956 1267 2029; baseline -0.004 -13"><span class='ocrx_word' id='word_1_268' title='bbox 155 1962 259 2026; x_wconf 82' lang='lat' dir='ltr'><strong>vitium,</strong></span> <span class='ocrx_word' id='word_1_269' title='bbox 278 1962 300 2013; x_wconf 93' lang='lat' dir='ltr'><strong>si</strong></span> <span class='ocrx_word' id='word_1_270' title='bbox 321 1978 377 2014; x_wconf 91' lang='lat' dir='ltr'><strong>non</strong></span> <span class='ocrx_word' id='word_1_271' title='bbox 395 1967 539 2027; x_wconf 86' lang='lat' dir='ltr'><strong>peteretur,</strong></span> <span class='ocrx_word' id='word_1_272' title='bbox 557 1960 604 2013; x_wconf 88' lang='lat' dir='ltr'><strong>sed</strong></span> <span class='ocrx_word' id='word_1_273' title='bbox 624 1958 759 2012; x_wconf 82' lang='lat' dir='ltr'><strong>accideret</strong></span> <span class='ocrx_word' id='word_1_274' title='bbox 777 1962 803 2027; x_wconf 84' lang='lat'>9,</span> <span class='ocrx_word' id='word_1_275' title='bbox 818 1963 845 2026; x_wconf 92' lang='grc'><strong>3,</strong></span> <span class='ocrx_word' id='word_1_276' title='bbox 865 1964 891 2011; x_wconf 88' lang='grc'><strong>2.</strong></span> <span class='ocrx_word' id='word_1_277' title='bbox 911 1976 971 2011; x_wconf 89' lang='lat' dir='ltr'><strong>cum</strong></span> <span class='ocrx_word' id='word_1_278' title='bbox 987 1956 1135 2013; x_wconf 84' lang='lat' dir='ltr'><strong>immodice</strong></span> <span class='ocrx_word' id='word_1_279' title='bbox 1153 1970 1267 2029; x_wconf 84' lang='lat' dir='ltr'><strong>petantm</strong></span> 
     </span>
     <span class='ocr_line' id='line_1_25' title="bbox 156 2027 1266 2097; baseline 0 -16"><span class='ocrx_word' id='word_1_280' title='bbox 156 2031 296 2097; x_wconf 81' lang='lat' dir='ltr'><strong>(figurae)</strong></span> <span class='ocrx_word' id='word_1_281' title='bbox 315 2035 347 2082; x_wconf 82' lang='lat' dir='ltr'><strong>ib·</strong></span> <span class='ocrx_word' id='word_1_282' title='bbox 365 2034 424 2082; x_wconf 89' lang='lat'>100.</span> <span class='ocrx_word' id='word_1_283' title='bbox 460 2045 528 2095; x_wconf 80' lang='lat' dir='ltr'><strong>quae</strong></span> <span class='ocrx_word' id='word_1_284' title='bbox 547 2027 788 2095; x_wconf 75' lang='lat' dir='ltr'><strong>(transgressiones)</strong></span> <span class='ocrx_word' id='word_1_285' title='bbox 812 2029 846 2080; x_wconf 86' lang='lat' dir='ltr'><strong>in</strong></span> <span class='ocrx_word' id='word_1_286' title='bbox 863 2030 916 2080; x_wconf 85' lang='lat' dir='ltr'><strong>hoc</strong></span> <span class='ocrx_word' id='word_1_287' title='bbox 942 2027 1029 2095; x_wconf 86' lang='lat' dir='ltr'><strong>ipsum</strong></span> <span class='ocrx_word' id='word_1_288' title='bbox 1052 2039 1183 2096; x_wconf 82' lang='lat' dir='ltr'><strong>pelttnltu·</strong></span> <span class='ocrx_word' id='word_1_289' title='bbox 1203 2033 1229 2096; x_wconf 84' lang='lat'>9,</span> <span class='ocrx_word' id='word_1_290' title='bbox 1244 2028 1266 2093; x_wconf 80' lang='grc'><strong>4,</strong></span> 
     </span>
     <span class='ocr_line' id='line_1_26' title="bbox 154 2096 1267 2168; baseline -0.004 -15"><span class='ocrx_word' id='word_1_291' title='bbox 154 2104 205 2165; x_wconf 90' lang='grc'><strong>28,</strong></span> <span class='ocrx_word' id='word_1_292' title='bbox 230 2102 301 2167; x_wconf 83' lang='lat' dir='ltr'><strong>quod</strong></span> <span class='ocrx_word' id='word_1_293' title='bbox 319 2100 386 2154; x_wconf 86' lang='lat' dir='ltr'><strong>velit</strong></span> <span class='ocrx_word' id='word_1_294' title='bbox 403 2096 512 2167; x_wconf 85' lang='lat' dir='ltr'><strong>petendi</strong></span> <span class='ocrx_word' id='word_1_295' title='bbox 529 2102 556 2163; x_wconf 90' lang='grc'>7,</span> <span class='ocrx_word' id='word_1_296' title='bbox 574 2103 600 2162; x_wconf 93' lang='grc'><strong>7,</strong></span> <span class='ocrx_word' id='word_1_297' title='bbox 617 2102 643 2149; x_wconf 88' lang='grc'><strong>2.</strong></span> <span class='ocrx_word' id='word_1_298' title='bbox 676 2099 784 2166; x_wconf 84' lang='lat' dir='ltr'><strong>petendi</strong></span> <span class='ocrx_word' id='word_1_299' title='bbox 803 2098 955 2152; x_wconf 84' lang='lat' dir='ltr'><strong>consulatus</strong></span> <span class='ocrx_word' id='word_1_300' title='bbox 975 2102 1017 2161; x_wconf 91' lang='grc'><strong>11,</strong></span> <span class='ocrx_word' id='word_1_301' title='bbox 1036 2103 1068 2164; x_wconf 88' lang='grc'><strong>1,</strong></span> <span class='ocrx_word' id='word_1_302' title='bbox 1097 2098 1143 2153; x_wconf 90' lang='grc'><strong>69.</strong></span> <span class='ocrx_word' id='word_1_303' title='bbox 1170 2098 1267 2168; x_wconf 84' lang='lat' dir='ltr'><strong>petendi</strong></span> 
     </span>
     <span class='ocr_line' id='line_1_27' title="bbox 155 2165 1267 2236; baseline -0.003 -14"><span class='ocrx_word' id='word_1_304' title='bbox 155 2170 287 2222; x_wconf 88' lang='lat' dir='ltr'><strong>curatoris</strong></span> <span class='ocrx_word' id='word_1_305' title='bbox 306 2175 332 2232; x_wconf 88' lang='lat'><strong>7,</strong></span> <span class='ocrx_word' id='word_1_306' title='bbox 348 2168 375 2236; x_wconf 90' lang='grc'><strong>4,</strong></span> <span class='ocrx_word' id='word_1_307' title='bbox 398 2173 439 2220; x_wconf 89' lang='grc'><strong>11.</strong></span> <span class='ocrx_word' id='word_1_308' title='bbox 473 2166 542 2218; x_wconf 71' lang='lat' dir='ltr'><strong>usus</strong></span> <span class='ocrx_word' id='word_1_309' title='bbox 560 2165 667 2233; x_wconf 80' lang='lat' dir='ltr'><strong>petendi</strong></span> <span class='ocrx_word' id='word_1_310' title='bbox 684 2168 710 2233; x_wconf 90' lang='grc'><strong>6,</strong></span> <span class='ocrx_word' id='word_1_311' title='bbox 738 2170 764 2233; x_wconf 93' lang='grc'><strong>5,</strong></span> <span class='ocrx_word' id='word_1_312' title='bbox 789 2168 831 2221; x_wconf 90' lang='grc'>58.</span> <span class='ocrx_word' id='word_1_313' title='bbox 866 2167 1063 2233; x_wconf 80' lang='lat' dir='ltr'><strong>petendumque</strong></span> <span class='ocrx_word' id='word_1_314' title='bbox 1087 2168 1170 2220; x_wconf 88' lang='lat' dir='ltr'><strong>etiam</strong></span> <span class='ocrx_word' id='word_1_315' title='bbox 1194 2168 1267 2223; x_wconf 90' lang='lat' dir='ltr'><strong>inno-</strong></span> 
     </span>
     <span class='ocr_line' id='line_1_28' title="bbox 155 2234 1266 2303; baseline -0.005 -11"><span class='ocrx_word' id='word_1_316' title='bbox 155 2240 276 2292; x_wconf 87' lang='lat' dir='ltr'><strong>centibus</strong></span> <span class='ocrx_word' id='word_1_317' title='bbox 294 2235 493 2291; x_wconf 86' lang='lat' dir='ltr'><strong>misericordiae</strong></span> <span class='ocrx_word' id='word_1_318' title='bbox 510 2234 639 2288; x_wconf 86' lang='lat' dir='ltr'><strong>auxilium</strong></span> <span class='ocrx_word' id='word_1_319' title='bbox 657 2240 699 2302; x_wconf 89' lang='grc'><strong>11,</strong></span> <span class='ocrx_word' id='word_1_320' title='bbox 720 2240 745 2302; x_wconf 92' lang='grc'><strong>1,</strong></span> <span class='ocrx_word' id='word_1_321' title='bbox 762 2235 806 2290; x_wconf 88' lang='grc'><strong>49.</strong></span> <span class='ocrx_word' id='word_1_322' title='bbox 834 2243 945 2303; x_wconf 86' lang='lat' dir='ltr'><strong>propter</strong></span> <span class='ocrx_word' id='word_1_323' title='bbox 962 2239 1093 2302; x_wconf 86' lang='lat' dir='ltr'><strong>petendos</strong></span> <span class='ocrx_word' id='word_1_324' title='bbox 1111 2247 1266 2290; x_wconf 81' lang='lat' dir='ltr'><strong>commeatus</strong></span> 
     </span>
     <span class='ocr_line' id='line_1_29' title="bbox 155 2303 1266 2376; baseline -0.003 -14"><span class='ocrx_word' id='word_1_325' title='bbox 155 2312 182 2373; x_wconf 87' lang='lat'><strong>7,</strong></span> <span class='ocrx_word' id='word_1_326' title='bbox 202 2313 241 2371; x_wconf 93' lang='grc'><strong>10,</strong></span> <span class='ocrx_word' id='word_1_327' title='bbox 260 2310 300 2361; x_wconf 87' lang='grc'><strong>13.</strong></span> <span class='ocrx_word' id='word_1_328' title='bbox 336 2307 490 2376; x_wconf 85' lang='lat' dir='ltr'><strong>petenda</strong></span> <span class='ocrx_word' id='word_1_329' title='bbox 508 2321 539 2356; x_wconf 85' lang='lat' dir='ltr'><strong>ac</strong></span> <span class='ocrx_word' id='word_1_330' title='bbox 559 2305 734 2376; x_wconf 83' lang='lat' dir='ltr'><strong>fugienda</strong></span> <span class='ocrx_word' id='word_1_331' title='bbox 752 2309 779 2371; x_wconf 86' lang='grc'><strong>3,</strong></span> <span class='ocrx_word' id='word_1_332' title='bbox 806 2306 833 2372; x_wconf 90' lang='grc'><strong>6,</strong></span> <span class='ocrx_word' id='word_1_333' title='bbox 858 2303 908 2369; x_wconf 88' lang='grc'><strong>49,</strong></span> <span class='ocrx_word' id='word_1_334' title='bbox 933 2305 1040 2375; x_wconf 85' lang='lat' dir='ltr'><strong>longius</strong></span> <span class='ocrx_word' id='word_1_335' title='bbox 1063 2305 1178 2372; x_wconf 71' lang='lat' dir='ltr'><strong>petitum</strong></span> <span class='ocrx_word' id='word_1_336' title='bbox 1198 2308 1224 2372; x_wconf 89' lang='grc'><strong>8,</strong></span> <span class='ocrx_word' id='word_1_337' title='bbox 1245 2309 1266 2368; x_wconf 92' lang='grc'><strong>5,</strong></span> 
     </span>
     <span class='ocr_line' id='line_1_30' title="bbox 153 2371 1268 2443; baseline -0.005 -12"><span class='ocrx_word' id='word_1_338' title='bbox 153 2382 190 2431; x_wconf 91' lang='grc'>20</span> <span class='ocrx_word' id='word_1_339' title='bbox 219 2383 298 2429; x_wconf 85' lang='lat' dir='ltr'><strong>extra</strong></span> <span class='ocrx_word' id='word_1_340' title='bbox 314 2376 395 2443; x_wconf 88' lang='lat' dir='ltr'><strong>petita</strong></span> <span class='ocrx_word' id='word_1_341' title='bbox 416 2376 441 2440; x_wconf 90' lang='grc'><strong>5,</strong></span> <span class='ocrx_word' id='word_1_342' title='bbox 462 2378 506 2440; x_wconf 89' lang='grc'><strong>11,</strong></span> <span class='ocrx_word' id='word_1_343' title='bbox 530 2371 574 2425; x_wconf 90' lang='grc'><strong>44.</strong></span> <span class='ocrx_word' id='word_1_344' title='bbox 600 2373 634 2436; x_wconf 83' lang='lat' dir='ltr'><strong>cs.</strong></span> <span class='ocrx_word' id='word_1_345' title='bbox 661 2375 695 2438; x_wconf 91' lang='grc'><strong>8,</strong></span> <span class='ocrx_word' id='word_1_346' title='bbox 721 2374 753 2440; x_wconf 91' lang='grc'><strong>5,</strong></span> <span class='ocrx_word' id='word_1_347' title='bbox 777 2371 833 2431; x_wconf 80' lang='grc'><strong>14,</strong></span> <span class='ocrx_word' id='word_1_348' title='bbox 854 2374 950 2441; x_wconf 86' lang='lat' dir='ltr'><strong>petitas</strong></span> <span class='ocrx_word' id='word_1_349' title='bbox 975 2376 1021 2427; x_wconf 83' lang='lat' dir='ltr'><strong>vel</strong></span> <span class='ocrx_word' id='word_1_350' title='bbox 1044 2377 1128 2443; x_wconf 89' lang='lat' dir='ltr'><strong>paulo</strong></span> <span class='ocrx_word' id='word_1_351' title='bbox 1153 2376 1268 2429; x_wconf 82' lang='lat' dir='ltr'><strong>licentius</strong></span> 
     </span>
     <span class='ocr_line' id='line_1_31' title="bbox 153 2439 1265 2513; baseline 0.002 -15"><span class='ocrx_word' id='word_1_352' title='bbox 153 2448 305 2512; x_wconf 82' lang='lat' dir='ltr'><strong>voluptates</strong></span> <span class='ocrx_word' id='word_1_353' title='bbox 324 2449 365 2509; x_wconf 88' lang='grc'><strong>12,</strong></span> <span class='ocrx_word' id='word_1_354' title='bbox 384 2448 427 2510; x_wconf 88' lang='grc'><strong>10,</strong></span> <span class='ocrx_word' id='word_1_355' title='bbox 445 2441 487 2495; x_wconf 93' lang='grc'><strong>50.</strong></span> <span class='ocrx_word' id='word_1_356' title='bbox 523 2439 549 2505; x_wconf 89' lang='lat' dir='ltr'><strong>c)</strong></span> <span class='ocrx_word' id='word_1_357' title='bbox 576 2444 629 2509; x_wconf 72' lang='lat' dir='ltr'><strong>adj.</strong></span> <span class='ocrx_word' id='word_1_358' title='bbox 655 2445 760 2494; x_wconf 73' lang='lat' dir='ltr'><strong>Abicit:</strong></span> <span class='ocrx_word' id='word_1_359' title='bbox 786 2444 885 2497; x_wconf 91' lang='lat' dir='ltr'><strong>collmn</strong></span> <span class='ocrx_word' id='word_1_360' title='bbox 907 2442 1035 2510; x_wconf 83' lang='lat' dir='ltr'><strong>amplexu</strong></span> <span class='ocrx_word' id='word_1_361' title='bbox 1060 2444 1171 2512; x_wconf 88' lang='lat' dir='ltr'><strong>petebat</strong></span> <span class='ocrx_word' id='word_1_362' title='bbox 1193 2444 1235 2513; x_wconf 80' lang='lat' dir='ltr'><strong>(a.</strong></span> <span class='ocrx_word' id='word_1_363' title='bbox 1250 2450 1265 2499; x_wconf 87' lang='grc' dir='ltr'><strong>ι.</strong></span> 
     </span>
     <span class='ocr_line' id='line_1_32' title="bbox 154 2508 1266 2583; baseline -0.003 -17"><span class='ocrx_word' id='word_1_364' title='bbox 154 2512 313 2583; x_wconf 86' lang='lat' dir='ltr'><strong>appetebat)</strong></span> <span class='ocrx_word' id='word_1_365' title='bbox 332 2517 412 2567; x_wconf 87' lang='lat' dir='ltr'><strong>Coet.</strong></span> <span class='ocrx_word' id='word_1_366' title='bbox 430 2508 458 2577; x_wconf 90' lang='grc'><strong>4,</strong></span> <span class='ocrx_word' id='word_1_367' title='bbox 476 2514 502 2575; x_wconf 91' lang='grc'><strong>2,</strong></span> <span class='ocrx_word' id='word_1_368' title='bbox 525 2508 584 2562; x_wconf 92' lang='grc'>124.</span> <span class='ocrx_word' id='word_1_369' title='bbox 620 2529 636 2562; x_wconf 87' lang='lat' dir='ltr'><strong>a</strong></span> <span class='ocrx_word' id='word_1_370' title='bbox 653 2527 701 2563; x_wconf 87' lang='lat' dir='ltr'><strong>reo</strong></span> <span class='ocrx_word' id='word_1_371' title='bbox 719 2512 821 2565; x_wconf 81' lang='lat' dir='ltr'><strong>femina</strong></span> <span class='ocrx_word' id='word_1_372' title='bbox 844 2529 892 2567; x_wconf 86' lang='lat' dir='ltr'><strong>sna</strong></span> <span class='ocrx_word' id='word_1_373' title='bbox 915 2515 991 2565; x_wconf 87' lang='lat' dir='ltr'><strong>ferro</strong></span> <span class='ocrx_word' id='word_1_374' title='bbox 1013 2514 1096 2580; x_wconf 84' lang='lat' dir='ltr'><strong>petita</strong></span> <span class='ocrx_word' id='word_1_375' title='bbox 1117 2516 1154 2579; x_wconf 93' lang='grc'><strong>6,</strong></span> <span class='ocrx_word' id='word_1_376' title='bbox 1183 2518 1208 2575; x_wconf 89' lang='grc'><strong>3,</strong></span> <span class='ocrx_word' id='word_1_377' title='bbox 1230 2514 1266 2567; x_wconf 90' lang='grc'><strong>91.</strong></span> 
     </span>
     <span class='ocr_line' id='line_1_33' title="bbox 155 2577 1265 2651; baseline -0.002 -18"><span class='ocrx_word' id='word_1_378' title='bbox 155 2584 218 2651; x_wconf 85' lang='lat' dir='ltr'><strong>quid</strong></span> <span class='ocrx_word' id='word_1_379' title='bbox 238 2590 344 2651; x_wconf 63' lang='lat' dir='ltr'><strong>(parabus</strong></span> <span class='ocrx_word' id='word_1_380' title='bbox 361 2588 436 2649; x_wconf 86' lang='lat' dir='ltr'><strong>parte</strong></span> <span class='ocrx_word' id='word_1_381' title='bbox 458 2577 587 2631; x_wconf 85' lang='lat' dir='ltr'><strong>orationis</strong></span> <span class='ocrx_word' id='word_1_382' title='bbox 605 2589 725 2647; x_wconf 86' lang='lat' dir='ltr'><strong>petamus</strong></span> <span class='ocrx_word' id='word_1_383' title='bbox 743 2584 786 2647; x_wconf 92' lang='grc'><strong>11,</strong></span> <span class='ocrx_word' id='word_1_384' title='bbox 806 2580 833 2649; x_wconf 94' lang='grc'><strong>1,</strong></span> <span class='ocrx_word' id='word_1_385' title='bbox 852 2583 894 2635; x_wconf 87' lang='grc'><strong>16.</strong></span> <span class='ocrx_word' id='word_1_386' title='bbox 929 2582 981 2634; x_wconf 87' lang='lat' dir='ltr'><strong>alia</strong></span> <span class='ocrx_word' id='word_1_387' title='bbox 998 2580 1229 2645; x_wconf 84' lang='lat' dir='ltr'><strong>etcollocationis</strong></span> <span class='ocrx_word' id='word_1_388' title='bbox 1244 2587 1265 2632; x_wconf 89' lang='grc' dir='ltr'><strong>ει</strong></span> 
     </span>
     <span class='ocr_line' id='line_1_34' title="bbox 153 2647 1265 2720; baseline -0.006 -14"><span class='ocrx_word' id='word_1_389' title='bbox 153 2652 232 2707; x_wconf 81' lang='lat' dir='ltr'><strong>vocis</strong></span> <span class='ocrx_word' id='word_1_390' title='bbox 249 2650 430 2703; x_wconf 84' lang='lat' dir='ltr'><strong>modulatione</strong></span> <span class='ocrx_word' id='word_1_391' title='bbox 447 2647 653 2701; x_wconf 80' lang='lat' dir='ltr'><strong>concitationem</strong></span> <span class='ocrx_word' id='word_1_392' title='bbox 677 2648 812 2716; x_wconf 89' lang='lat' dir='ltr'><strong>judicum,</strong></span> <span class='ocrx_word' id='word_1_393' title='bbox 846 2650 898 2703; x_wconf 85' lang='lat' dir='ltr'><strong>alia</strong></span> <span class='ocrx_word' id='word_1_394' title='bbox 922 2650 1136 2704; x_wconf 88' lang='lat' dir='ltr'><strong>misericordiam</strong></span> <span class='ocrx_word' id='word_1_395' title='bbox 1161 2652 1265 2720; x_wconf 86' lang='lat' dir='ltr'><strong>petimus</strong></span> 
     </span>
     <span class='ocr_line' id='line_1_35' title="bbox 153 2716 1264 2787; baseline -0.003 -15"><span class='ocrx_word' id='word_1_396' title='bbox 153 2722 303 2784; x_wconf 81' lang='lat'>1,10‚25.</span> <span class='ocrx_word' id='word_1_397' title='bbox 340 2718 384 2787; x_wconf 82' lang='lat' dir='ltr'><strong>qui</strong></span> <span class='ocrx_word' id='word_1_398' title='bbox 403 2716 537 2786; x_wconf 82' lang='lat' dir='ltr'><strong>plerisque</strong></span> <span class='ocrx_word' id='word_1_399' title='bbox 557 2716 771 2784; x_wconf 85' lang='lat' dir='ltr'><strong>perorationibus</strong></span> <span class='ocrx_word' id='word_1_400' title='bbox 789 2718 888 2786; x_wconf 85' lang='lat' dir='ltr'><strong>petitur</strong></span> <span class='ocrx_word' id='word_1_401' title='bbox 904 2718 982 2772; x_wconf 83' lang='lat' dir='ltr'><strong>fletus</strong></span> <span class='ocrx_word' id='word_1_402' title='bbox 998 2721 1025 2785; x_wconf 90' lang='lat'><strong>6,</strong></span> <span class='ocrx_word' id='word_1_403' title='bbox 1050 2725 1077 2787; x_wconf 91' lang='grc'><strong>2,</strong></span> <span class='ocrx_word' id='word_1_404' title='bbox 1096 2727 1122 2775; x_wconf 91' lang='grc'><strong>7.</strong></span> <span class='ocrx_word' id='word_1_405' title='bbox 1148 2722 1264 2787; x_wconf 85' lang='lat' dir='ltr'><strong>scriptun</strong></span> 
     </span>
     <span class='ocr_line' id='line_1_36' title="bbox 153 2784 1263 2858; baseline -0.005 -17"><span class='ocrx_word' id='word_1_406' title='bbox 153 2788 320 2841; x_wconf 71' lang='lat' dir='ltr'><strong>straturus</strong></span> <span class='ocrx_word' id='word_1_407' title='bbox 338 2788 416 2838; x_wconf 85' lang='lat' dir='ltr'><strong>babet</strong></span> <span class='ocrx_word' id='word_1_408' title='bbox 433 2784 461 2837; x_wconf 90' lang='lat' dir='ltr'><strong>in</strong></span> <span class='ocrx_word' id='word_1_409' title='bbox 478 2785 569 2837; x_wconf 86' lang='lat' dir='ltr'><strong>verbis</strong></span> <span class='ocrx_word' id='word_1_410' title='bbox 586 2784 664 2839; x_wconf 83' lang='lat' dir='ltr'><strong>vocis</strong></span> <span class='ocrx_word' id='word_1_411' title='bbox 682 2786 881 2854; x_wconf 86' lang='lat' dir='ltr'><strong>quaestionem:</strong></span> <span class='ocrx_word' id='word_1_412' title='bbox 900 2790 972 2858; x_wconf 88' lang='lat' dir='ltr'><strong>quod</strong></span> <span class='ocrx_word' id='word_1_413' title='bbox 989 2788 1062 2841; x_wconf 86' lang='lat' dir='ltr'><strong>idem</strong></span> <span class='ocrx_word' id='word_1_414' title='bbox 1077 2789 1111 2840; x_wconf 91' lang='lat' dir='ltr'><strong>in</strong></span> <span class='ocrx_word' id='word_1_415' title='bbox 1132 2787 1263 2842; x_wconf 81' lang='lat' dir='ltr'><strong>antinomia</strong></span> 
     </span>
     <span class='ocr_line' id='line_1_37' title="bbox 153 2854 1262 2925; baseline -0.003 -16"><span class='ocrx_word' id='word_1_416' title='bbox 153 2854 252 2923; x_wconf 82' lang='lat' dir='ltr'><strong>petitur</strong></span> <span class='ocrx_word' id='word_1_417' title='bbox 273 2864 351 2921; x_wconf 77' lang='lat' dir='ltr'><strong>loptt.</strong></span> <span class='ocrx_word' id='word_1_418' title='bbox 373 2857 450 2907; x_wconf 83' lang='lat' dir='ltr'><strong>Codd.</strong></span> <span class='ocrx_word' id='word_1_419' title='bbox 469 2873 516 2905; x_wconf 81' lang='lat' dir='ltr'><strong>oui.</strong></span> <span class='ocrx_word' id='word_1_420' title='bbox 533 2854 578 2920; x_wconf 89' lang='lat' dir='ltr'><strong>in,</strong></span> <span class='ocrx_word' id='word_1_421' title='bbox 603 2857 670 2922; x_wconf 81' lang='lat' dir='ltr'><strong>quod</strong></span> <span class='ocrx_word' id='word_1_422' title='bbox 687 2856 853 2919; x_wconf 80' lang='lat' dir='ltr'><strong>abjiciendum</strong></span> <span class='ocrx_word' id='word_1_423' title='bbox 871 2855 987 2923; x_wconf 85' lang='lat' dir='ltr'><strong>uidetur)</strong></span> <span class='ocrx_word' id='word_1_424' title='bbox 1014 2864 1041 2919; x_wconf 81' lang='lat'>7,</span> <span class='ocrx_word' id='word_1_425' title='bbox 1062 2862 1106 2925; x_wconf 92' lang='grc'><strong>10,</strong></span> <span class='ocrx_word' id='word_1_426' title='bbox 1126 2865 1143 2912; x_wconf 82' lang='grc'>2</span> <span class='ocrx_word' id='word_1_427' title='bbox 1164 2861 1198 2911; x_wconf 80' lang='grc' dir='ltr'><strong>Ν.</strong></span> <span class='ocrx_word' id='word_1_428' title='bbox 1225 2854 1262 2924; x_wconf 81' lang='lat' dir='ltr'><strong>qui</strong></span> 
     </span>
     <span class='ocr_line' id='line_1_38' title="bbox 151 2923 1261 2995; baseline 0 -18"><span class='ocrx_word' id='word_1_429' title='bbox 151 2926 206 2977; x_wconf 84' lang='lat' dir='ltr'><strong>lroo</strong></span> <span class='ocrx_word' id='word_1_430' title='bbox 224 2924 343 2977; x_wconf 86' lang='lat' dir='ltr'><strong>imitandi</strong></span> <span class='ocrx_word' id='word_1_431' title='bbox 360 2924 448 2976; x_wconf 83' lang='lat' dir='ltr'><strong>studio</strong></span> <span class='ocrx_word' id='word_1_432' title='bbox 466 2930 558 2989; x_wconf 88' lang='lat' dir='ltr'><strong>petet,</strong></span> <span class='ocrx_word' id='word_1_433' title='bbox 580 2932 615 2974; x_wconf 91' lang='lat' dir='ltr'><strong>ut</strong></span> <span class='ocrx_word' id='word_1_434' title='bbox 635 2923 753 2976; x_wconf 88' lang='lat' dir='ltr'><strong>rideatur</strong></span> <span class='ocrx_word' id='word_1_435' title='bbox 773 2930 799 2990; x_wconf 88' lang='lat'>1,</span> <span class='ocrx_word' id='word_1_436' title='bbox 818 2930 844 2992; x_wconf 91' lang='grc'><strong>3,</strong></span> <span class='ocrx_word' id='word_1_437' title='bbox 861 2930 887 2978; x_wconf 92' lang='grc'><strong>2.</strong></span> <span class='ocrx_word' id='word_1_438' title='bbox 912 2925 995 2995; x_wconf 75' lang='grc' dir='ltr'>,1)1ε</span> <span class='ocrx_word' id='word_1_439' title='bbox 1014 2932 1144 2981; x_wconf 84' lang='lat' dir='ltr'><strong>inom&#39;mis:</strong></span> <span class='ocrx_word' id='word_1_440' title='bbox 1169 2927 1261 2979; x_wconf 83' lang='lat' dir='ltr'><strong>interint</strong></span> 
     </span>
     <span class='ocr_line' id='line_1_39' title="bbox 153 2990 1261 3064; baseline -0.003 -18"><span class='ocrx_word' id='word_1_441' title='bbox 153 3004 277 3046; x_wconf 88' lang='lat' dir='ltr'><strong>ornatum</strong></span> <span class='ocrx_word' id='word_1_442' title='bbox 298 2994 363 3062; x_wconf 85' lang='lat' dir='ltr'><strong>petit</strong></span> <span class='ocrx_word' id='word_1_443' title='bbox 391 2996 477 3045; x_wconf 90' lang='lat' dir='ltr'><strong>solum</strong></span> <span class='ocrx_word' id='word_1_444' title='bbox 503 2996 638 3058; x_wconf 77' lang='lat' dir='ltr'><strong>(circuitus</strong></span> <span class='ocrx_word' id='word_1_445' title='bbox 663 2992 813 3061; x_wconf 76' lang='lat' dir='ltr'><strong>etoqrteudi)</strong></span> <span class='ocrx_word' id='word_1_446' title='bbox 837 2997 872 3059; x_wconf 84' lang='lat'>8,</span> <span class='ocrx_word' id='word_1_447' title='bbox 897 2999 932 3061; x_wconf 82' lang='lat'>6,</span> <span class='ocrx_word' id='word_1_448' title='bbox 960 2996 1003 3049; x_wconf 88' lang='grc'><strong>60.</strong></span> <span class='ocrx_word' id='word_1_449' title='bbox 1039 2990 1181 3064; x_wconf 68' lang='grc' dir='ltr'>εἰρωνεία,</span> <span class='ocrx_word' id='word_1_450' title='bbox 1205 3008 1261 3063; x_wconf 80' lang='lat' dir='ltr'><strong>quae</strong></span> 
     </span>
     <span class='ocr_line' id='line_1_40' title="bbox 152 3062 1261 3135; baseline -0.002 -21"><span class='ocrx_word' id='word_1_451' title='bbox 152 3063 289 3135; x_wconf 38' lang='lat' dir='ltr'><strong>divers-um</strong></span> <span class='ocrx_word' id='word_1_452' title='bbox 314 3065 353 3130; x_wconf 79' lang='lat' dir='ltr'><strong>ei,</strong></span> <span class='ocrx_word' id='word_1_453' title='bbox 379 3066 450 3131; x_wconf 82' lang='lat' dir='ltr'><strong>quod</strong></span> <span class='ocrx_word' id='word_1_454' title='bbox 477 3062 555 3129; x_wconf 87' lang='lat' dir='ltr'><strong>dicit,</strong></span> <span class='ocrx_word' id='word_1_455' title='bbox 580 3063 744 3115; x_wconf 81' lang='lat' dir='ltr'><strong>intellectum</strong></span> <span class='ocrx_word' id='word_1_456' title='bbox 771 3063 838 3131; x_wconf 87' lang='lat' dir='ltr'><strong>petit</strong></span> <span class='ocrx_word' id='word_1_457' title='bbox 859 3067 891 3131; x_wconf 87' lang='grc'><strong>6,</strong></span> <span class='ocrx_word' id='word_1_458' title='bbox 918 3068 945 3131; x_wconf 89' lang='grc'><strong>2,</strong></span> <span class='ocrx_word' id='word_1_459' title='bbox 971 3068 1015 3119; x_wconf 88' lang='grc'><strong>15.</strong></span> <span class='ocrx_word' id='word_1_460' title='bbox 1036 3066 1090 3117; x_wconf 89' lang='lat' dir='ltr'><strong>hoc</strong></span> <span class='ocrx_word' id='word_1_461' title='bbox 1113 3063 1261 3119; x_wconf 78' lang='lat' dir='ltr'><strong>exercitatio</strong></span> 
     </span>
     <span class='ocr_line' id='line_1_41' title="bbox 151 3132 1260 3202; baseline -0.002 -19"><span class='ocrx_word' id='word_1_462' title='bbox 151 3133 234 3201; x_wconf 87' lang='lat' dir='ltr'><strong>petit,</strong></span> <span class='ocrx_word' id='word_1_463' title='bbox 254 3137 305 3186; x_wconf 90' lang='lat' dir='ltr'><strong>boo</strong></span> <span class='ocrx_word' id='word_1_464' title='bbox 323 3134 435 3187; x_wconf 85' lang='lat' dir='ltr'><strong>imitatio</strong></span> <span class='ocrx_word' id='word_1_465' title='bbox 453 3134 479 3198; x_wconf 89' lang='grc'><strong>8,</strong></span> <span class='ocrx_word' id='word_1_466' title='bbox 497 3134 540 3185; x_wconf 87' lang='lat' dir='ltr'><strong>Pr.</strong></span> <span class='ocrx_word' id='word_1_467' title='bbox 560 3135 600 3186; x_wconf 89' lang='grc'><strong>16.</strong></span> <span class='ocrx_word' id='word_1_468' title='bbox 635 3133 770 3199; x_wconf 73' lang='lat' dir='ltr'><strong>(figieroe)</strong></span> <span class='ocrx_word' id='word_1_469' title='bbox 789 3132 927 3186; x_wconf 83' lang='lat' dir='ltr'><strong>brevitatis</strong></span> <span class='ocrx_word' id='word_1_470' title='bbox 950 3133 1134 3202; x_wconf 80' lang='lat' dir='ltr'><strong>novitatisque</strong></span> <span class='ocrx_word' id='word_1_471' title='bbox 1156 3132 1260 3187; x_wconf 79' lang='lat' dir='ltr'><strong>maxims</strong></span> 
     </span>
    </p>

    <p class='ocr_par' dir='ltr' id='par_1_3' title="bbox 151 3200 1258 3477">
     <span class='ocr_line' id='line_1_42' title="bbox 213 3202 1219 3235; baseline 0 -22"><span class='ocrx_word' id='word_1_472' title='bbox 213 3203 219 3213; x_wconf 94' lang='lat'><em>.</em></span> <span class='ocrx_word' id='word_1_473' title='bbox 459 3209 462 3215; x_wconf 78' lang='grc'>,</span> <span class='ocrx_word' id='word_1_474' title='bbox 553 3203 559 3215; x_wconf 91' lang='grc'><strong>.</strong></span> <span class='ocrx_word' id='word_1_475' title='bbox 1059 3208 1074 3235; x_wconf 80' lang='lat' dir='ltr'><strong>o</strong></span> <span class='ocrx_word' id='word_1_476' title='bbox 1195 3202 1219 3214; x_wconf 90' lang='lat'><strong>..</strong></span> 
     </span>
     <span class='ocr_line' id='line_1_43' title="bbox 151 3200 1258 3345; baseline 0 -22"><span class='ocrx_word' id='word_1_477' title='bbox 151 3212 375 3338; x_wconf 41' lang='lat' dir='ltr'><strong>§Jggutztgffilffit</strong></span> <span class='ocrx_word' id='word_1_478' title='bbox 392 3201 798 3340; x_wconf 51' lang='grc' dir='ltr'>1160111111Μ160111υ11111111110111</span> <span class='ocrx_word' id='word_1_479' title='bbox 817 3207 841 3340; x_wconf 61' lang='grc'><strong>,1</strong></span> <span class='ocrx_word' id='word_1_480' title='bbox 842 3242 857 3324; x_wconf 56' lang='lat' dir='ltr'><strong>it</strong></span> <span class='ocrx_word' id='word_1_481' title='bbox 865 3204 925 3324; x_wconf 48' lang='grc'>1631</span> <span class='ocrx_word' id='word_1_482' title='bbox 932 3200 976 3334; x_wconf 47' lang='lat'><strong>⁸032</strong></span> <span class='ocrx_word' id='word_1_483' title='bbox 989 3205 1023 3323; x_wconf 70' lang='grc'><strong>111</strong></span> <span class='ocrx_word' id='word_1_484' title='bbox 1024 3243 1032 3268; x_wconf 50' lang='lat'>¹</span> <span class='ocrx_word' id='word_1_485' title='bbox 1038 3205 1152 3325; x_wconf 46' lang='grc'>11111091·</span> <span class='ocrx_word' id='word_1_486' title='bbox 1157 3212 1258 3345; x_wconf 55' lang='grc' dir='ltr'>ς1111112</span> 
     </span>
     <span class='ocr_line' id='line_1_44' title="bbox 153 3340 1256 3413; baseline -0.005 -20"><span class='ocrx_word' id='word_1_487' title='bbox 153 3344 196 3404; x_wconf 86' lang='lat'>11,</span> <span class='ocrx_word' id='word_1_488' title='bbox 215 3344 240 3407; x_wconf 88' lang='grc'><strong>3,</strong></span> <span class='ocrx_word' id='word_1_489' title='bbox 258 3344 302 3395; x_wconf 90' lang='grc'><strong>93.</strong></span> <span class='ocrx_word' id='word_1_490' title='bbox 322 3342 385 3410; x_wconf 68' lang='lat' dir='ltr'><strong>‹prrid</strong></span> <span class='ocrx_word' id='word_1_491' title='bbox 399 3341 484 3413; x_wconf 85' lang='lat' dir='ltr'><strong>magis</strong></span> <span class='ocrx_word' id='word_1_492' title='bbox 501 3342 587 3395; x_wconf 90' lang='lat' dir='ltr'><strong>oratio</strong></span> <span class='ocrx_word' id='word_1_493' title='bbox 599 3348 688 3408; x_wconf 76' lang='lat' dir='ltr'><strong>“quanm</strong></span> <span class='ocrx_word' id='word_1_494' title='bbox 708 3341 892 3409; x_wconf 87' lang='lat' dir='ltr'><strong>probationem</strong></span> <span class='ocrx_word' id='word_1_495' title='bbox 912 3340 999 3408; x_wconf 77' lang='lat' dir='ltr'><strong>petit?</strong></span> <span class='ocrx_word' id='word_1_496' title='bbox 1021 3344 1047 3406; x_wconf 90' lang='lat'>1,</span> <span class='ocrx_word' id='word_1_497' title='bbox 1066 3346 1110 3409; x_wconf 89' lang='lat'>10,</span> <span class='ocrx_word' id='word_1_498' title='bbox 1127 3341 1256 3409; x_wconf 68' lang='grc'>3800110</span> 
     </span>
     <span class='ocr_line' id='line_1_45' title="bbox 152 3408 710 3477; baseline 0 -14"><span class='ocrx_word' id='word_1_499' title='bbox 152 3408 219 3477; x_wconf 77' lang='lat' dir='ltr'><strong>polit</strong></span> <span class='ocrx_word' id='word_1_500' title='bbox 236 3411 401 3477; x_wconf 78' lang='lat' dir='ltr'><strong>voluptatem</strong></span> <span class='ocrx_word' id='word_1_501' title='bbox 419 3409 538 3477; x_wconf 73' lang='lat' dir='ltr'><strong>(poesis)</strong></span> <span class='ocrx_word' id='word_1_502' title='bbox 557 3413 599 3476; x_wconf 88' lang='grc'><strong>10,</strong></span> <span class='ocrx_word' id='word_1_503' title='bbox 621 3416 653 3477; x_wconf 90' lang='lat'><strong>1‚·</strong></span> <span class='ocrx_word' id='word_1_504' title='bbox 668 3412 710 3465; x_wconf 79' lang='lat'><strong>28.</strong></span> 
     </span>
    </p>

    <p class='ocr_par' dir='ltr' id='par_1_4' title="bbox 148 3476 1291 4239">
     <span class='ocr_line' id='line_1_46' title="bbox 221 3476 1254 3547; baseline -0.004 -18"><span class='ocrx_word' id='word_1_505' title='bbox 221 3479 260 3544; x_wconf 86' lang='lat' dir='ltr'><strong>ll)</strong></span> <span class='ocrx_word' id='word_1_506' title='bbox 277 3480 376 3545; x_wconf 76' lang='lat' dir='ltr'><strong>adjecto</strong></span> <span class='ocrx_word' id='word_1_507' title='bbox 389 3482 455 3531; x_wconf 84' lang='lat' dir='ltr'><strong>uude</strong></span> <span class='ocrx_word' id='word_1_508' title='bbox 472 3484 572 3546; x_wconf 79' lang='lat' dir='ltr'><strong>petitur.</strong></span> <span class='ocrx_word' id='word_1_509' title='bbox 594 3479 626 3544; x_wconf 80' lang='grc' dir='ltr'><strong>α)</strong></span> <span class='ocrx_word' id='word_1_510' title='bbox 637 3479 719 3532; x_wconf 89' lang='lat' dir='ltr'><strong>hinc</strong></span> <span class='ocrx_word' id='word_1_511' title='bbox 737 3486 826 3546; x_wconf 86' lang='lat' dir='ltr'><strong>patres</strong></span> <span class='ocrx_word' id='word_1_512' title='bbox 841 3479 901 3531; x_wconf 86' lang='lat' dir='ltr'><strong>adv.</strong></span> <span class='ocrx_word' id='word_1_513' title='bbox 920 3476 1079 3531; x_wconf 83' lang='lat' dir='ltr'><strong>liberos&#39;etc.</strong></span> <span class='ocrx_word' id='word_1_514' title='bbox 1090 3478 1254 3547; x_wconf 67' lang='lat' dir='ltr'><strong>anctoritatem</strong></span> 
     </span>
     <span class='ocr_line' id='line_1_47' title="bbox 150 3548 1253 3622; baseline 0.001 -23"><span class='ocrx_word' id='word_1_515' title='bbox 150 3554 245 3615; x_wconf 80' lang='lat' dir='ltr'><strong>potunt</strong></span> <span class='ocrx_word' id='word_1_516' title='bbox 267 3552 349 3613; x_wconf 89' lang='grc'>5,12,</span> <span class='ocrx_word' id='word_1_517' title='bbox 370 3551 411 3601; x_wconf 87' lang='grc'><strong>13.</strong></span> <span class='ocrx_word' id='word_1_518' title='bbox 430 3549 553 3615; x_wconf 87' lang='lat' dir='ltr'><strong>corporis</strong></span> <span class='ocrx_word' id='word_1_519' title='bbox 572 3550 671 3601; x_wconf 85' lang='lat' dir='ltr'><strong>decens</strong></span> <span class='ocrx_word' id='word_1_520' title='bbox 691 3559 718 3601; x_wconf 93' lang='lat' dir='ltr'><strong>et</strong></span> <span class='ocrx_word' id='word_1_521' title='bbox 735 3557 812 3616; x_wconf 87' lang='lat' dir='ltr'><strong>aptus</strong></span> <span class='ocrx_word' id='word_1_522' title='bbox 829 3557 967 3600; x_wconf 88' lang='lat' dir='ltr'><strong>motus-</strong></span> <span class='ocrx_word' id='word_1_523' title='bbox 983 3564 1035 3599; x_wconf 88' lang='lat' dir='ltr'><strong>nec</strong></span> <span class='ocrx_word' id='word_1_524' title='bbox 1053 3549 1198 3601; x_wconf 78' lang='lat' dir='ltr'><strong>aliunde</strong></span> <span class='ocrx_word' id='word_1_525' title='bbox 1212 3548 1253 3622; x_wconf 70' lang='lat' dir='ltr'><strong>pett</strong></span> 
     </span>
     <span class='ocr_line' id='line_1_48' title="bbox 151 3615 1253 3685; baseline -0.003 -17"><span class='ocrx_word' id='word_1_526' title='bbox 151 3624 240 3683; x_wconf 90' lang='lat' dir='ltr'><strong>potest</strong></span> <span class='ocrx_word' id='word_1_527' title='bbox 269 3622 299 3682; x_wconf 90' lang='grc'><strong>1,</strong></span> <span class='ocrx_word' id='word_1_528' title='bbox 323 3622 372 3683; x_wconf 91' lang='grc'><strong>10,</strong></span> <span class='ocrx_word' id='word_1_529' title='bbox 394 3618 438 3669; x_wconf 88' lang='grc'><strong>26.</strong></span> <span class='ocrx_word' id='word_1_530' title='bbox 473 3617 622 3670; x_wconf 85' lang='lat' dir='ltr'><strong>aliunde</strong></span> <span class='ocrx_word' id='word_1_531' title='bbox 647 3616 744 3685; x_wconf 90' lang='lat' dir='ltr'><strong>petita,</strong></span> <span class='ocrx_word' id='word_1_532' title='bbox 769 3617 796 3668; x_wconf 91' lang='lat' dir='ltr'><strong>id</strong></span> <span class='ocrx_word' id='word_1_533' title='bbox 824 3625 883 3682; x_wconf 85' lang='lat' dir='ltr'><strong>est,</strong></span> <span class='ocrx_word' id='word_1_534' title='bbox 909 3633 946 3669; x_wconf 81' lang='lat' dir='ltr'><strong>ex</strong></span> <span class='ocrx_word' id='word_1_535' title='bbox 971 3616 1025 3668; x_wconf 92' lang='lat' dir='ltr'><strong>alio</strong></span> <span class='ocrx_word' id='word_1_536' title='bbox 1049 3618 1112 3671; x_wconf 89' lang='lat' dir='ltr'><strong>loco</strong></span> <span class='ocrx_word' id='word_1_537' title='bbox 1139 3616 1168 3670; x_wconf 90' lang='lat' dir='ltr'><strong>in</strong></span> <span class='ocrx_word' id='word_1_538' title='bbox 1191 3615 1253 3665; x_wconf 74' lang='lat' dir='ltr'><strong>altum</strong></span> 
     </span>
     <span class='ocr_line' id='line_1_49' title="bbox 151 3678 1253 3755; baseline 0.005 -18"><span class='ocrx_word' id='word_1_539' title='bbox 151 3688 278 3738; x_wconf 89' lang='lat' dir='ltr'><strong>translata</strong></span> <span class='ocrx_word' id='word_1_540' title='bbox 294 3688 321 3753; x_wconf 94' lang='grc'><strong>8,</strong></span> <span class='ocrx_word' id='word_1_541' title='bbox 339 3688 365 3751; x_wconf 88' lang='grc'><strong>5,</strong></span> <span class='ocrx_word' id='word_1_542' title='bbox 386 3691 426 3739; x_wconf 92' lang='grc'><strong>17.</strong></span> <span class='ocrx_word' id='word_1_543' title='bbox 461 3688 702 3755; x_wconf 85' lang='lat' dir='ltr'><strong>undecunque</strong></span> <span class='ocrx_word' id='word_1_544' title='bbox 728 3687 811 3755; x_wconf 88' lang='lat' dir='ltr'><strong>petita</strong></span> <span class='ocrx_word' id='word_1_545' title='bbox 836 3685 932 3753; x_wconf 85' lang='lat' dir='ltr'><strong>judicis</strong></span> <span class='ocrx_word' id='word_1_546' title='bbox 959 3688 1087 3753; x_wconf 84' lang='lat' dir='ltr'><strong>voluptas</strong></span> <span class='ocrx_word' id='word_1_547' title='bbox 1110 3690 1145 3752; x_wconf 82' lang='lat'>4,</span> <span class='ocrx_word' id='word_1_548' title='bbox 1172 3688 1200 3742; x_wconf 87' lang='lat' dir='ltr'><strong>t.</strong></span> <span class='ocrx_word' id='word_1_549' title='bbox 1219 3678 1253 3729; x_wconf 70' lang='grc'><strong>19</strong></span> 
     </span>
     <span class='ocr_line' id='line_1_50' title="bbox 151 3754 1252 3825; baseline -0.002 -20"><span class='ocrx_word' id='word_1_550' title='bbox 151 3755 185 3825; x_wconf 76' lang='grc' dir='ltr'><strong>β)</strong></span> <span class='ocrx_word' id='word_1_551' title='bbox 204 3760 326 3821; x_wconf 81' lang='lat' dir='ltr'><strong>Praepos.</strong></span> <span class='ocrx_word' id='word_1_552' title='bbox 345 3757 394 3806; x_wconf 80' lang='lat' dir='ltr'><strong>ab.</strong></span> <span class='ocrx_word' id='word_1_553' title='bbox 415 3754 444 3819; x_wconf 92' lang='lat' dir='ltr'><strong>a)</strong></span> <span class='ocrx_word' id='word_1_554' title='bbox 462 3774 479 3804; x_wconf 87' lang='lat' dir='ltr'><strong>u</strong></span> <span class='ocrx_word' id='word_1_555' title='bbox 498 3760 624 3822; x_wconf 78' lang='lat' dir='ltr'><strong>personis:</strong></span> <span class='ocrx_word' id='word_1_556' title='bbox 650 3757 764 3823; x_wconf 88' lang='lat' dir='ltr'><strong>plurima</strong></span> <span class='ocrx_word' id='word_1_557' title='bbox 777 3764 898 3823; x_wconf 84' lang='lat' dir='ltr'><strong>petamus</strong></span> <span class='ocrx_word' id='word_1_558' title='bbox 915 3773 931 3807; x_wconf 89' lang='lat' dir='ltr'><strong>a</strong></span> <span class='ocrx_word' id='word_1_559' title='bbox 948 3754 1044 3821; x_wconf 85' lang='lat' dir='ltr'><strong>nobis,</strong></span> <span class='ocrx_word' id='word_1_560' title='bbox 1063 3763 1091 3808; x_wconf 86' lang='lat' dir='ltr'><strong>el</strong></span> <span class='ocrx_word' id='word_1_561' title='bbox 1108 3772 1168 3808; x_wconf 73' lang='lat' dir='ltr'><strong>mam</strong></span> <span class='ocrx_word' id='word_1_562' title='bbox 1184 3758 1252 3805; x_wconf 75' lang='grc'>010111</span> 
     </span>
     <span class='ocr_line' id='line_1_51' title="bbox 153 3810 1253 3893; baseline 0 -17"><span class='ocrx_word' id='word_1_563' title='bbox 153 3824 330 3879; x_wconf 84' lang='lat' dir='ltr'><strong>deliberemus</strong></span> <span class='ocrx_word' id='word_1_564' title='bbox 349 3828 375 3889; x_wconf 91' lang='lat'>7,</span> <span class='ocrx_word' id='word_1_565' title='bbox 395 3828 437 3889; x_wconf 88' lang='lat'>10,</span> <span class='ocrx_word' id='word_1_566' title='bbox 456 3827 497 3876; x_wconf 93' lang='grc'><strong>10.</strong></span> <span class='ocrx_word' id='word_1_567' title='bbox 532 3826 672 3877; x_wconf 88' lang='lat' dir='ltr'><strong>consilium</strong></span> <span class='ocrx_word' id='word_1_568' title='bbox 693 3842 755 3878; x_wconf 90' lang='lat' dir='ltr'><strong>ase</strong></span> <span class='ocrx_word' id='word_1_569' title='bbox 774 3825 834 3892; x_wconf 88' lang='lat' dir='ltr'><strong>ipso</strong></span> <span class='ocrx_word' id='word_1_570' title='bbox 852 3832 925 3891; x_wconf 89' lang='lat' dir='ltr'><strong>petat</strong></span> <span class='ocrx_word' id='word_1_571' title='bbox 945 3826 971 3890; x_wconf 88' lang='lat'>7,</span> <span class='ocrx_word' id='word_1_572' title='bbox 988 3825 1031 3876; x_wconf 87' lang='lat' dir='ltr'><strong>Pr.</strong></span> <span class='ocrx_word' id='word_1_573' title='bbox 1058 3823 1086 3876; x_wconf 82' lang='lat'><strong>4.</strong></span> <span class='ocrx_word' id='word_1_574' title='bbox 1112 3825 1172 3893; x_wconf 86' lang='lat' dir='ltr'><strong>qui,</strong></span> <span class='ocrx_word' id='word_1_575' title='bbox 1197 3810 1253 3887; x_wconf 76' lang='grc'>111101</span> 
     </span>
     <span class='ocr_line' id='line_1_52' title="bbox 148 3892 1253 3963; baseline -0.005 -17"><span class='ocrx_word' id='word_1_576' title='bbox 148 3904 193 3948; x_wconf 83' lang='lat' dir='ltr'><strong>est</strong></span> <span class='ocrx_word' id='word_1_577' title='bbox 210 3895 238 3947; x_wconf 89' lang='lat' dir='ltr'><strong>in</strong></span> <span class='ocrx_word' id='word_1_578' title='bbox 257 3894 354 3963; x_wconf 83' lang='lat' dir='ltr'><strong>causis,</strong></span> <span class='ocrx_word' id='word_1_579' title='bbox 370 3892 538 3958; x_wconf 87' lang='lat' dir='ltr'><strong>potissimum</strong></span> <span class='ocrx_word' id='word_1_580' title='bbox 558 3894 592 3946; x_wconf 87' lang='lat' dir='ltr'><strong>sit</strong></span> <span class='ocrx_word' id='word_1_581' title='bbox 609 3896 641 3946; x_wconf 84' lang='lat' dir='ltr'><strong>ab</strong></span> <span class='ocrx_word' id='word_1_582' title='bbox 660 3896 743 3947; x_wconf 87' lang='lat' dir='ltr'><strong>altero</strong></span> <span class='ocrx_word' id='word_1_583' title='bbox 763 3894 893 3961; x_wconf 82' lang='lat' dir='ltr'><strong>petiturus</strong></span> <span class='ocrx_word' id='word_1_584' title='bbox 912 3899 954 3959; x_wconf 86' lang='grc'><strong>12,</strong></span> <span class='ocrx_word' id='word_1_585' title='bbox 972 3896 999 3960; x_wconf 82' lang='grc'><strong>3,</strong></span> <span class='ocrx_word' id='word_1_586' title='bbox 1022 3897 1046 3945; x_wconf 92' lang='grc'><strong>1.</strong></span> <span class='ocrx_word' id='word_1_587' title='bbox 1064 3896 1135 3961; x_wconf 85' lang='lat' dir='ltr'><strong>juste</strong></span> <span class='ocrx_word' id='word_1_588' title='bbox 1152 3894 1253 3961; x_wconf 58' lang='lat' dir='ltr'><strong>palen</strong></span> 
     </span>
     <span class='ocr_line' id='line_1_53' title="bbox 152 3954 1252 4033; baseline -0.004 -16"><span class='ocrx_word' id='word_1_589' title='bbox 152 3981 186 4017; x_wconf 86' lang='lat' dir='ltr'><strong>en</strong></span> <span class='ocrx_word' id='word_1_590' title='bbox 203 3964 315 4033; x_wconf 85' lang='lat' dir='ltr'><strong>quisque</strong></span> <span class='ocrx_word' id='word_1_591' title='bbox 334 3961 441 4015; x_wconf 79' lang='lat' dir='ltr'><strong>videtur</strong></span> <span class='ocrx_word' id='word_1_592' title='bbox 458 3978 473 4013; x_wconf 90' lang='lat' dir='ltr'><strong>a</strong></span> <span class='ocrx_word' id='word_1_593' title='bbox 491 3962 597 4030; x_wconf 80' lang='lat' dir='ltr'><strong>judice,</strong></span> <span class='ocrx_word' id='word_1_594' title='bbox 623 3980 693 4029; x_wconf 73' lang='lat' dir='ltr'><strong>«puae</strong></span> <span class='ocrx_word' id='word_1_595' title='bbox 710 3963 769 4015; x_wconf 87' lang='lat' dir='ltr'><strong>aliis</strong></span> <span class='ocrx_word' id='word_1_596' title='bbox 788 3963 847 4031; x_wconf 90' lang='lat' dir='ltr'><strong>ipse</strong></span> <span class='ocrx_word' id='word_1_597' title='bbox 873 3962 1102 4032; x_wconf 84' lang='lat' dir='ltr'><strong>praestiterit</strong></span> <span class='ocrx_word' id='word_1_598' title='bbox 1123 3964 1152 4029; x_wconf 91' lang='lat'>6,</span> <span class='ocrx_word' id='word_1_599' title='bbox 1177 3965 1200 4023; x_wconf 89' lang='grc'><strong>1,</strong></span> <span class='ocrx_word' id='word_1_600' title='bbox 1219 3954 1252 4027; x_wconf 70' lang='grc'>11,·</span> 
     </span>
     <span class='ocr_line' id='line_1_54' title="bbox 150 4030 1251 4101; baseline -0.005 -15"><span class='ocrx_word' id='word_1_601' title='bbox 150 4050 211 4086; x_wconf 90' lang='lat' dir='ltr'><strong>cum</strong></span> <span class='ocrx_word' id='word_1_602' title='bbox 226 4037 258 4087; x_wconf 87' lang='lat' dir='ltr'><strong>ab</strong></span> <span class='ocrx_word' id='word_1_603' title='bbox 275 4050 308 4086; x_wconf 87' lang='lat' dir='ltr'><strong>eo</strong></span> <span class='ocrx_word' id='word_1_604' title='bbox 322 4030 399 4084; x_wconf 88' lang='lat' dir='ltr'><strong>miles</strong></span> <span class='ocrx_word' id='word_1_605' title='bbox 412 4030 504 4083; x_wconf 87' lang='lat' dir='ltr'><strong>nescio</strong></span> <span class='ocrx_word' id='word_1_606' title='bbox 517 4031 581 4099; x_wconf 87' lang='lat' dir='ltr'><strong>quid</strong></span> <span class='ocrx_word' id='word_1_607' title='bbox 594 4030 714 4099; x_wconf 87' lang='lat' dir='ltr'><strong>improbe</strong></span> <span class='ocrx_word' id='word_1_608' title='bbox 732 4041 836 4101; x_wconf 86' lang='lat' dir='ltr'><strong>peteret</strong></span> <span class='ocrx_word' id='word_1_609' title='bbox 847 4033 874 4099; x_wconf 93' lang='lat'>6,</span> <span class='ocrx_word' id='word_1_610' title='bbox 886 4036 912 4097; x_wconf 93' lang='grc'><strong>3,</strong></span> <span class='ocrx_word' id='word_1_611' title='bbox 922 4033 1003 4087; x_wconf 73' lang='grc'>9511</span> <span class='ocrx_word' id='word_1_612' title='bbox 1019 4034 1094 4101; x_wconf 81' lang='lat' dir='ltr'><strong>quod</strong></span> <span class='ocrx_word' id='word_1_613' title='bbox 1115 4042 1155 4086; x_wconf 86' lang='lat' dir='ltr'><strong>est</strong></span> <span class='ocrx_word' id='word_1_614' title='bbox 1170 4032 1251 4097; x_wconf 65' lang='lat' dir='ltr'><strong>orator}</strong></span> 
     </span>
     <span class='ocr_line' id='line_1_55' title="bbox 150 4092 1291 4169; baseline -0.004 -16"><span class='ocrx_word' id='word_1_615' title='bbox 150 4104 345 4168; x_wconf 84' lang='lat' dir='ltr'><strong>necessarium,</strong></span> <span class='ocrx_word' id='word_1_616' title='bbox 361 4102 412 4153; x_wconf 84' lang='lat' dir='ltr'><strong>-ab</strong></span> <span class='ocrx_word' id='word_1_617' title='bbox 437 4098 471 4151; x_wconf 88' lang='lat' dir='ltr'><strong>iis</strong></span> <span class='ocrx_word' id='word_1_618' title='bbox 496 4109 587 4167; x_wconf 81' lang='lat' dir='ltr'><strong>petere</strong></span> <span class='ocrx_word' id='word_1_619' title='bbox 605 4102 731 4153; x_wconf 88' lang='lat' dir='ltr'><strong>nimirum</strong></span> <span class='ocrx_word' id='word_1_620' title='bbox 757 4118 868 4154; x_wconf 85' lang='lat' dir='ltr'><strong>necasse</strong></span> <span class='ocrx_word' id='word_1_621' title='bbox 886 4108 943 4168; x_wconf 81' lang='lat' dir='ltr'><strong>est,</strong></span> <span class='ocrx_word' id='word_1_622' title='bbox 969 4104 1039 4168; x_wconf 86' lang='lat' dir='ltr'><strong>opud</strong></span> <span class='ocrx_word' id='word_1_623' title='bbox 1059 4116 1129 4169; x_wconf 82' lang='lat' dir='ltr'><strong>quos</strong></span> <span class='ocrx_word' id='word_1_624' title='bbox 1147 4092 1255 4153; x_wconf 69' lang='lat' dir='ltr'><strong>ratnruuss¹</strong></span> <span class='ocrx_word' id='word_1_625' title='bbox 1288 4160 1291 4165; x_wconf 32' lang='grc' dir='ltr'>Ι</span> 
     </span>
     <span class='ocr_line' id='line_1_56' title="bbox 152 4161 1253 4239; baseline -0.002 -16"><span class='ocrx_word' id='word_1_626' title='bbox 152 4176 240 4239; x_wconf 85' lang='grc'>12,2,</span> <span class='ocrx_word' id='word_1_627' title='bbox 262 4178 294 4239; x_wconf 85' lang='grc'><strong>8,</strong></span> <span class='ocrx_word' id='word_1_628' title='bbox 320 4168 465 4227; x_wconf 88' lang='lat' dir='ltr'><strong>auctoritas</strong></span> <span class='ocrx_word' id='word_1_629' title='bbox 481 4170 515 4221; x_wconf 92' lang='lat' dir='ltr'><strong>ab</strong></span> <span class='ocrx_word' id='word_1_630' title='bbox 536 4170 687 4224; x_wconf 82' lang='lat' dir='ltr'><strong>oratoribus</strong></span> <span class='ocrx_word' id='word_1_631' title='bbox 711 4172 759 4226; x_wconf 82' lang='lat' dir='ltr'><strong>vel</strong></span> <span class='ocrx_word' id='word_1_632' title='bbox 788 4169 924 4225; x_wconf 85' lang='lat' dir='ltr'><strong>historicis</strong></span> <span class='ocrx_word' id='word_1_633' title='bbox 947 4170 1004 4237; x_wconf 88' lang='lat' dir='ltr'><strong>peti</strong></span> <span class='ocrx_word' id='word_1_634' title='bbox 1030 4173 1101 4225; x_wconf 85' lang='lat' dir='ltr'><strong>solet</strong></span> <span class='ocrx_word' id='word_1_635' title='bbox 1128 4175 1160 4239; x_wconf 90' lang='lat'>1,</span> <span class='ocrx_word' id='word_1_636' title='bbox 1183 4161 1253 4231; x_wconf 77' lang='grc'>6,1·</span> 
     </span>
    </p>
   </div>
   <div class='ocr_carea' id='block_1_3' title="bbox 0 0 1302 4866">
    <p class='ocr_par' dir='ltr' id='par_1_5' title="bbox 0 0 1302 4866">
     <span class='ocr_line' id='line_1_57' title="bbox 0 0 1302 4866; baseline 0 3"><span class='ocrx_word' id='word_1_637' title='bbox 0 0 1302 4866; x_wconf 95' lang='lat' dir='ltr'><strong> </strong></span> 
     </span>
    </p>
   </div>
  </div>
 </body>
</html>
