2596 4866
402 310 408 335 l

113 347 175 410 582
524 328 684 396 Nummus
705 370 747 382 —
771 326 864 395 Nunc
956 318 959 323 ’

148 516 179 568 in
198 531 224 564 n.
261 505 466 578 raecipientium
482 521 539 560 non
557 505 646 559 habeo
666 508 694 572 2,
710 508 737 568 3,
754 505 780 559 5.
815 504 845 555 in
872 520 902 558 n.
931 513 1059 560 veterum
1085 508 1120 560 bs

149 528 261 647 locarel
276 584 318 644 10,
338 583 364 644 1,
382 580 433 632 118
451 582 484 630 Ζ.
521 594 567 630 ess
587 573 710 641 (literas)
735 574 764 626 in
788 574 995 632 semivocalium
1026 594 1120 631 numer

149 668 262 717 ruuuque
281 647 375 716 partiri
392 652 418 712 1,
443 644 470 711 4,
489 646 515 699 6.

221 721 257 781 ΙΙ)
276 723 300 768 in
320 738 347 768 re
366 719 546 781 grammatica.-
573 711 701 783 sinpdari
720 729 831 764 numero
849 715 874 777 1,
894 714 922 777 6,
941 712 985 766 25.
1012 732 1120 767 numen

152 792 203 843 bus
221 804 271 839 nos
289 787 449 857 singularem
468 800 499 835 ao
519 785 649 850 pluralem
667 783 813 847 habemus,
833 782 930 833 Graeci
948 790 975 833 et
987 776 1087 836 δυϊιιὸν
1108 793 1120 837 1

152 857 244 914 verbis
264 856 323 922 quis
340 863 381 906 est
399 855 468 905 adeo
489 852 641 919 imperitus,
665 860 695 902 ut
711 853 818 921 ignoret
839 867 966 903 numeros
985 864 1034 903 etc.
1071 859 1100 921 1,

152 928 229 980 xime
245 923 347 979 valebit
364 925 394 974 in
413 923 514 976 orando
537 936 708 972 numerorum
724 922 771 972 illo
794 921 903 973 libertas
920 924 948 985 8,
966 922 995 987 6,
1015 925 1060 975 20.
1102 925 1120 975 il

154 995 229 1048 milia
246 992 407 1046 soloecismo
431 991 555 1058 quidem,
577 992 625 1041 sed
644 998 730 1041 tamen
747 1006 887 1042 nnmerum
904 991 1038 1042 mutantia
1061 994 1092 1056 9,
1112 998 1120 1046 ξ

154 1064 192 1118 ris
210 1071 312 1114 mutare
330 1069 358 1115 et
377 1077 455 1113 casus
485 1068 513 1111 et
538 1074 664 1111 rmmeros
681 1062 708 1123 9,
726 1059 752 1123 4,
775 1062 818 1112 58.
853 1062 885 1112 In
910 1060 1056 1127 participio
1082 1086 1120 1096 —

154 1136 301 1196 merum,
328 1130 404 1181 utin
422 1137 537 1195 utroque
556 1129 590 1190 (ι’.
611 1148 633 1179 e.
654 1131 821 1180 vocabulo
853 1140 877 1180 et
895 1130 1034 1193 verbo),
1065 1149 1120 1197 pec

154 1202 199 1256 47.
217 1218 279 1252 cum
296 1198 326 1250 in
344 1200 418 1250 eosd.
438 1213 565 1249 nunteros
584 1197 644 1264 quis
661 1197 774 1249 incurrit
791 1201 817 1263 9,
839 1201 862 1263 1,
884 1201 925 1249 11.
944 1197 974 1248 in
992 1203 1117 1251 vocubul

155 1270 273 1323 nibusfit
291 1267 467 1321 soloecismus
485 1282 598 1318 numero
617 1271 643 1330 1,
662 1267 688 1332 5,
705 1265 749 1319 45.
768 1266 815 1317 Est
833 1266 918 1339 figura
937 1276 964 1319 et
985 1266 1015 1319 in
1033 1286 1120 1323 nume

225 1336 278 1405 lll)
298 1340 331 1389 ‹le
351 1338 476 1404 rliytbmc:
503 1335 534 1401 a)
553 1355 575 1387 c.
596 1337 677 1401 Adja
707 1352 817 1402 osperos
833 1337 904 1401 1109,
923 1334 951 1403 4,
979 1338 1042 1389 126.
1081 1356 1112 1392 ιι.

156 1406 255 1460 cadens
274 1409 308 1459 ib.
327 1411 371 1460 27.
406 1403 574 1457 currentibus
592 1420 641 1472 per
659 1421 689 1456 se
706 1422 735 1456 ιι.
764 1409 797 1457 ib.
815 1408 858 1457 31.
891 1420 948 1457 non
972 1413 1028 1456 tam
1051 1408 1120 1461 finit«

154 1492 213 1529 ros
233 1493 312 1543 quam
331 1475 454 1528 orbem
480 1475 579 1541 queml.
603 1482 863 1541 contextumque
886 1476 918 1526 ib.
943 1476 987 1529 29.
1015 1477 1118 1529 laetior

157 1549 201 1597 17.
222 1546 335 1596 latentes
356 1544 436 1596 etiam
453 1559 480 1593 n.
500 1547 533 1595 ib.
554 1545 594 1596 18.
613 1543 730 1596 fusiores
747 1543 940 1611 liberioresque
959 1560 987 1595 ιι.
1007 1548 1043 1596 ib.
1078 1550 1120 1599 13(

64 1634 68 1641 ’
154 1630 184 1666 ιι.
202 1615 236 1665 ib.
257 1614 299 1666 57.
336 1612 369 1681 β)
388 1632 448 1679 pars
465 1616 622 1663 uniuersalis.
640 1611 669 1677 s)
689 1616 715 1663 in
735 1617 847 1666 oratione
866 1625 909 1664 out
930 1616 1048 1665 rnasica:
1077 1616 1106 1667 in

153 1682 290 1750 positione
308 1682 358 1734 tria
376 1690 438 1733 sunt
456 1698 555 1753 genera
571 1681 738 1745 necessarie,
770 1683 878 1747 ordo,
902 1683 1094 1751 junctura,
1117 1702 1120 1735 1

155 1756 188 1803 ib.
207 1756 250 1803 22.
269 1751 302 1814 cf.
321 1756 364 1805 27.
381 1750 457 1819 qussi
474 1750 579 1802 numeri
594 1766 651 1802 non
663 1751 765 1804 luerint
782 1751 811 1803 in
831 1750 1106 1818 compositione

153 1821 212 1887 (sic
234 1823 285 1888 Sp.
306 1823 337 1871 de
365 1821 430 1886 conj.
455 1824 548 1887 Regil5
578 1838 605 1872 v.
631 1819 869 1888 Compositio)
893 1825 927 1873 ib.
952 1820 1015 1872 114.
1055 1823 1120 1891 Quia

155 1888 260 1957 polius,
287 1907 367 1958 «quiam
388 1906 570 1953 numerus,
606 1898 633 1941 et
660 1890 793 1942 oratorius
819 1908 857 1956 ιι.,
880 1900 912 1940 ut
936 1892 1112 1956 enthymema

156 1958 349 2029 syllogismus?
376 1959 434 2029 Ego
453 1967 541 2024 certe,
559 1974 594 2009 ne
614 1957 643 2010 in
661 1958 819 2011 columniam
836 1960 945 2023 cadum,
977 1975 1066 2026 posco
1083 1963 1118 2012 bo

157 2045 218 2080 cum
236 2044 285 2095 pro
304 2029 510 2094 composito
528 2026 624 2081 dixero
643 2045 836 2094 numerum,
861 2027 1011 2080 oratorimn
1037 2030 1120 2082 dicen

154 2101 188 2151 ib.
206 2099 249 2150 57.
268 2114 331 2165 pes
350 2096 401 2149 erit
416 2113 652 2163 nonnumerus
670 2102 704 2150 ib.
723 2098 759 2153 95
774 2100 809 2151 Ν.
823 2096 856 2157 cf.
871 2099 915 2151 80.
935 2114 1104 2150 nunieros

155 2165 239 2233 accipi
259 2169 326 2221 volo
346 2170 379 2217 ib.
397 2164 442 2218 45.
461 2185 485 2217 u.
505 2168 715 2233 Rhythmus.
736 2168 891 2220 Metrnm.
916 2164 947 2233 b)
967 2171 992 2217 in
1015 2187 1119 2234 corpore

155 2252 284 2302 corpore,
309 2243 422 2302 totoque
439 2243 525 2286 tractu
542 2250 668 2287 numerus
684 2235 801 2288 insertus
824 2244 865 2289 est
894 2239 926 2288 ib.
954 2236 999 2289 61.
1037 2254 1120 2288 munet

155 2304 275 2372 duplices
294 2306 391 2368 habet,
422 2303 451 2354 in
474 2303 625 2356 vocibus
643 2303 891 2371 etiucorpore
916 2308 942 2369 1,
965 2310 1010 2372 10,
1033 2309 1076 2357 22.
1111 2323 1120 2355 ι

155 2389 249 2426 omnes
268 2374 319 2438 jam
336 2372 509 2441 perdidicerit
527 2390 542 2424 e
559 2382 733 2440 praeceptore
750 2389 877 2425 numeros
895 2378 939 2439 10,
958 2378 985 2438 1,
1003 2373 1033 2426 4.
1060 2376 1120 2441 palu

155 2451 244 2497 ctores
262 2442 339 2503 illos,
365 2457 434 2508 qum
464 2458 591 2494 numeros
617 2452 735 2507 vocant,
767 2460 823 2495 non
849 2442 951 2495 iccirco
976 2442 1120 2496 discentibu

154 2520 184 2562 ut
201 2510 243 2563 nis
259 2510 401 2575 omnibns,
422 2509 468 2578 qui
487 2511 652 2577 didicerunt,
677 2511 782 2578 inipso
801 2506 921 2563 luctandi
940 2512 1088 2565 certamine
1111 2530 1119 2561 ι

152 2584 246 2647 2,12;
280 2584 310 2647 y)
329 2599 374 2646 per
389 2582 498 2643 singulos
519 2584 612 2633 Casus:
641 2581 746 2635 muneri
772 2590 868 2648 sponte
885 2580 1014 2647 linxisse,
1043 2598 1120 2634 nona

153 2649 241 2702 coacti
264 2664 324 2700 esse
341 2649 486 2701 uideantur
517 2652 544 2714 9,
568 2645 596 2713 4,
622 2652 681 2701 126.
715 2649 837 2716 corporis
863 2666 972 2718 quoqne
1000 2651 1085 2703 monn
1111 2668 1120 2701 s

152 2726 276 2784 tempora
294 2717 403 2771 adhibet
422 2716 524 2769 musice
544 2718 614 2771 ratio
631 2735 805 2772 numerorum
827 2722 860 2771 ib.
881 2722 946 2783 139;
973 2722 1005 2770 ln
1022 2718 1113 2775 verbis

153 2786 240 2841 monis
259 2785 311 2841 ris.
347 2786 401 2838 Sed
420 2786 443 2837 si
462 2787 491 2838 id
513 2804 637 2854 asperum
654 2787 724 2853 erit,
750 2790 828 2841 cedet
844 2790 914 2841 haec
937 2789 1008 2840 ratio
1034 2806 1120 2841 nume

151 2874 177 2909 o.
196 2856 341 2921 Modus3
369 2855 470 2922 asperis
490 2855 569 2908 etiam
588 2873 698 2925 asperos
714 2873 742 2908 ιι.
761 2856 881 2910 adhiberi
909 2860 942 2909 ib.
963 2858 1023 2912 126.
1057 2874 1119 2912 ver

152 2926 249 2976 dantur
268 2933 295 2978 et
311 2925 448 2977 numeri
467 2928 509 2990 10,
532 2928 558 2989 3,
578 2930 620 2979 17.
657 2942 721 2991 suos
739 2926 814 2994 qnasi
832 2943 860 2979 ιι.
878 2927 979 2979 babent
1004 2926 1117 2993 (cerba)

152 3003 349 3063 versenturque
369 3002 411 3057 tu.
431 3001 447 3047 t.
467 2998 632 3059 serventur)
665 2994 738 3049 omni
765 2997 846 3048 modo
873 2997 980 3048 nunneri
1006 3000 1051 3062 10,
1079 2994 1105 3060 4,

151 3078 208 3117 ιιοιι
227 3068 336 3133 expleto
356 3080 468 3117 numero
486 3069 513 3131 9,
530 3064 558 3132 4,
579 3070 644 3131 122,
662 3081 757 3119 sensus
772 3064 893 3117 numeris
910 3067 1056 3118 conclusus
1071 3070 1103 3117 ib.

152 3133 207 3186 bis
225 3144 278 3202 atq.
296 3134 448 3187 uulneris
467 3151 522 3186 non
547 3136 659 3186 multum
685 3136 839 3188 differentes
865 3138 906 3200 10,
933 3140 961 3201 2,
987 3137 1030 3186 16.
1068 3136 1119 3205 rig

152 3203 321 3272 metisque
340 3205 477 3257 eleborata
495 3204 604 3257 verba
623 3209 666 3271 11,
686 3210 712 3270 1,
735 3209 761 3257 2.
797 3203 929 3257 solutiora
953 3204 1074 3256 numeris
1092 3214 1117 3255 et

151 3290 202 3325 usu
221 3272 328 3325 dicendi
345 3283 450 3327 remoto
468 3277 511 3338 11,
528 3278 556 3339 2,
573 3272 618 3326 41.
652 3273 738 3327 omnia
756 3282 888 3327 strucmra
905 3289 937 3325 ao
961 3273 1094 3325 dimensio
1115 3292 1120 3323 t

150 3342 191 3395 tio
209 3354 309 3397 vocum
328 3352 434 3395 constat
459 3352 504 3395 ant
533 3343 693 3396 numeris
715 3352 760 3396 aut
782 3344 936 3411 μέτροις
961 3346 989 3410 9,
1007 3342 1034 3407 4,
1052 3344 1102 3403 45.

151 3411 217 3479 quid
237 3410 337 3464 exierit
355 3410 475 3464 numeris
490 3412 576 3478 aptius
594 3416 637 3479 12,
657 3416 703 3483 10,
718 3414 762 3467 16.
797 3410 972 3480 simplicitas,
1003 3428 1073 3481 quae
1108 3428 1120 3463 r

136 3482 198 3555 Tsed
220 3481 280 3532 aliis
299 3480 380 3533 utitur
397 3500 424 3536 n.
441 3485 468 3548 s,
485 3480 511 3547 4,
529 3487 572 3534 21.
592 3480 626 3545 cf.
647 3486 707 3536 133.
947 3527 952 3545 .

115 3536 286 3612 Nummus.
320 3566 471 3619 sestertium
492 3584 629 3619 nummum
646 3566 861 3636 quinquemillia
877 3571 904 3633 7,
921 3567 1007 3633 6,11.
1026 3566 1120 3620 sublati

148 3634 264 3688 nummis
273 3639 306 3687 ib.
317 3645 426 3689 centum
435 3636 518 3688 millia
538 3655 708 3692 nummum
725 3649 772 3692 etc.
794 3636 915 3705 duplices
936 3638 1112 3690 soloecismos

150 3706 413 3826 {bb-''utendumquc
430 3706 511 3773 plane
536 3723 675 3775 sermone,
710 3716 740 3761 ut
766 3723 891 3773 ιιιιιιιιιιο,
923 3706 970 3760 cui
994 3707 1103 3776 publicu

114 3835 341 3925 Numquando.
369 3876 395 3912 v.
414 3859 507 3915 mum,

114 3924 288 4012 Numquid·
316 3943 380 4010 Dic,
401 3945 531 4013 numquid
548 3954 626 4015 potes
644 3948 678 4001 de
698 3946 784 4000 Sexio
800 3944 922 4000 Annali?
940 3947 968 4014 6,
986 3950 1014 4015 3,
1031 3948 1075 4001 86.
1092 3944 1120 3996 n.

146 4012 316 4080 dicereris,
339 4030 419 4082 quam
435 4015 531 4083 potesl
555 4019 599 4083 10,
618 4019 646 4084 3,
667 4013 712 4070 14.
745 4018 781 4070 Ν.
801 4032 888 4089 ergo
904 4017 971 4070 illuc
995 4014 1112 4071 accedo?

148 4084 181 4133 N.
200 4083 323 4154 igitur
343 4086 390 4136 lex
402 4082 443 4136 'ad
461 4086 598 4139 absolutos
615 4094 719 4138 tanturn
735 4094 826 4153 potres
848 4086 988 4155 pertinet?
1013 4093 1040 4153 7,
1062 4092 1086 4152 1,
1105 4080 1120 4137 5

148 4152 213 4218 quid
241 4168 309 4205 non
337 4154 391 4206 hoc
408 4154 508 4226 cogitet
527 4172 641 4209 necesse
658 4155 719 4209 esti
745 4159 779 4215 ib,
799 4156 844 4209 48.

111 4215 216 4285 Nune·
247 4236 275 4307 1)
300 4242 332 4295 de
350 4250 460 4309 tempore
474 4246 615 4310 praesenti:
636 4250 667 4295 ut
682 4242 767 4315 rugo
804 4258 877 4299 nunc
899 4241 1084 4315 intelliguntur
1105 4240 1120 4292 5

558 4480 564 4507 l
