2596 4866
72 356 78 369 ,
138 318 193 374 xl.
508 336 514 343 ·
594 310 828 400 Prolagomena

140 498 310 581 tannem,
326 499 418 561 'non
446 482 563 559 etiam
592 484 793 561 consilium
813 496 852 561 et
870 496 1063 578 evertam,
1096 510 1184 585 qua
1205 482 1293 577 scri·

139 631 266 711 ptura
290 605 485 682 Codicum
511 630 537 677 a
560 603 754 708 Zumptio
777 604 965 681 restituta
987 630 1039 680 ex
1069 606 1219 682 tutelae
1245 608 1293 681 ad

65 715 69 723 ¹
139 729 277 805 delirat
296 730 583 803 arcessendum
604 727 679 801 erit
701 710 821 803 tutor.

241 854 293 927 In
309 847 602 950 conjungendo
624 848 865 951 Subjecto
887 872 980 923 cum
995 846 1289 923 Praedicato

140 968 409 1075 Quintiliano,
434 956 681 1043 sanctissimo
706 968 860 1069 alioqui
881 966 1084 1043 castissimi
1105 966 1294 1043 sermonis

139 1090 457 1187 custodi‚tamen
473 1088 714 1165 exciderunt
727 1115 876 1192 pauca,
892 1090 1156 1189 quactollere
1165 1092 1291 1167 velles.

137 1216 286 1313 Neque
305 1211 411 1286 enim
426 1214 556 1285 solum
565 1209 702 1284 Genus
715 1208 921 1311 Participii
939 1213 991 1283 ad
1001 1207 1294 1301 praedicatum,

138 1360 228 1408 non
242 1337 297 1406 ad
312 1332 545 1434 Subjectum
557 1334 693 1426 refert,
715 1310 759 1407 id'
774 1336 889 1433 quod
906 1327 1192 1434 elegantissimi
1207 1326 1292 1405 scri·

137 1474 294 1556 ptores,
319 1449 553 1553 praesertim
575 1456 794 1527 verborum
817 1449 1090 1527 collocatione
1111 1449 1292 1551 adstipu-

138 1578 271 1669 lante,
301 1576 436 1648 facere
464 1576 614 1666 solent,
647 1596 695 1649 ut
718 1568 759 1669 5,
775 1596 816 1671 9,
836 1573 882 1645 15
899 1571 1219 1674 popularitas
1237 1570 1291 1647 ti·

61 1748 64 1763 .
136 1722 277 1794 gnam
297 1694 479 1797 affectati
498 1693 615 1790 regni
633 1706 692 1769 est
711 1694 998 1784 eatittirsataw
1029 1696 1112 1788 sed,
1136 1682 1291 1769 duobus

139 1813 379 1914 Nominibus
421 1813 567 1891 diversi
600 1814 767 1888 Generis
799 1814 979 1917 Subjecti
1017 1817 1113 1889 loco
1150 1812 1289 1917 positis,

139 1937 262 2012 etiam
283 1933 511 2011 Praedicati
533 1935 673 2010 Genus
697 1961 773 2036 per
797 1937 1055 2036 hyperbaton
1081 1926 1154 2010 'ad
1190 1934 1289 2037 prius

140 2058 485 2135 accommodavit:
519 2060 563 2150 8,
583 2056 620 2148 ὅ,
651 2053 696 2131 15
720 2058 899 2158 quoniam
920 2056 1110 2131 aratiomit
1133 2070 1216 2133 tam
1234 2080 1288 2131 or·

137 2193 283 2256 iratus
310 2206 424 2279 qaam
441 2178 780 2279 perspicuitas
808 2191 883 2257 aut
914 2181 957 2254 ia
981 2178 1147 2277 siugttlt't
1177 2176 1288 2255 subu

138 2316 198 2379 est
218 2314 293 2376 arat
310 2302 353 2372 tit
370 2298 550 2399 plurilus
565 2298 768 2397 positae.

201 2484 204 2489 .
238 2418 399 2497 Deinde
432 2417 707 2493 Graecismum
742 2426 967 2521 quendam,
1000 2426 1118 2521 quod
1150 2418 1285 2500 vitium

23 2588 32 2599 ,
138 2539 295 2641 alioqui
311 2536 587 2638 Quintilianus
604 2566 711 2615 unus
731 2543 911 2617 omnium
931 2568 1027 2617 suae
1048 2542 1194 2618 aetatis
1210 2567 1288 2615 ma·

58 2700 61 2706 <
137 2663 246 2738 xime
278 2659 401 2763 fugit,
427 2667 612 2762 produnt
636 2663 735 2758 loci,
760 2664 832 2737 ubi
855 2669 1055 2739 Neutrum
1079 2660 1289 2769 Singularis

137 2781 345 2887 Adjectivi
366 2781 450 2858 sive
465 2782 670 2886 Participii
687 2790 740 2858 ad
756 2785 837 2859 alia
852 2791 1012 2861 Genera
1028 2788 1206 2861 relatum
1225 2804 1289 2877 est,

136 2926 187 2981 ut
202 2901 470 3002 7,l>‚5ltajmc
496 2907 700 2980 mortale
725 2904 969 3003 est.1t,1,76
997 2908 1290 2983 tutissimum

138 3052 232 3125 ergo
255 3026 516 3129 poeniteutiae
548 3031 789 3128 consessio
821 3042 862 3105 et
894 3026 1184 3127 satisfactio
1213 3028 1291 3105 cal·

131 3176 220 3253 pac.
294 3150 391 3223 Non
423 3147 480 3222 ita
511 3147 747 3225 inusitatum
780 3172 863 3226 cst:
916 3174 980 3243 tc,
1021 3173 1089 3246 tr,
1125 3174 1153 3249 7
1185 3152 1291 3259 quid

137 3270 246 3375 apad
268 3282 445 3370 posteros
466 3274 681 3367 suturas
696 3275 757 3349 sit.
808 3275 887 3347 Sed
912 3246 966 3345 de
988 3276 1155 3369 haere,
1180 3278 1289 3349 acdc

46 3474 52 3483 ,
137 3417 287 3497 genere
312 3390 566 3465 Pronominis
600 3391 905 3489 demonstrativi
934 3413 977 3467 et
1007 3392 1174 3473 relativi
1202 3392 1288 3471 vide

30 3580 34 3597 .
137 3516 256 3604 Lex„
277 3510 460 3609 imprimis
484 3511 580 3611 Qui
602 3540 629 3588 s.
646 3513 765 3612 Quis
786 3546 827 3607 a,
843 3539 885 3611 e;
909 3538 1048 3615 neque
1062 3536 1204 3593 tamen
1214 3520 1291 3592 hoc

52 3716 56 3723 .
136 3638 233 3709 loco
254 3659 418 3735 possum
438 3658 526 3707 non
551 3633 893 3729 animadvertere,
906 3632 959 3713 'vi
979 3635 1213 3715 Praedicati
1232 3659 1291 3714 at-

136 3754 246 3831 trahi
266 3753 388 3829 etiam
410 3755 549 3830 Genus
570 3756 893 3835 Demonstrativi
913 3757 1155 3837 Relativum
1180 3782 1292 3837 anta-

139 3875 341 3953 ced'entis:
374 3870 460 3970 1,5,
482 3874 533 3950 33
554 3877 711 3953 remens
731 3879 858 3979 igitar
880 3880 1110 3957 amnt'las—
1126 3885 1235 3961 etet:
1248 3920 1293 3935 -

35 3980 49 4007 x
137 4001 221 4077 erit
242 3998 351 4089 ttta,
377 4023 498 4098 qaae
522 4015 686 4076 vocatur
700 4000 923 4099 ὀρθοὲπιια,
939 4004 983 4078 td
1000 4014 1068 4098 at,
1093 4008 1293 4085 emendata

137 4148 228 4201 cam
248 4119 440 4199 suauitate
464 4148 599 4199 meam
619 4124 852 4226 explanatio.
