2596 4866
110 182 179 241 Vlll

115 364 155 429 et
179 348 422 448 explicarem.
472 344 605 442 Itaque
619 342 777 435 -etudui,
811 344 906 419 nihil
928 349 1085 421 omnino
1104 363 1287 447 praetor-³

115 508 288 591 mittere,
314 496 416 598 quod
440 496 583 595 aliquid
609 496 660 571 ad
684 497 965 596 explanandam
991 502 1070 575 vim
1097 514 1136 575 et
1162 520 1280 581 usum¹

114 656 281 752 cnjmvis
308 650 486 728 vocabuli
518 649 690 725 conferre
721 664 866 748 poenot3
920 664 959 725 et
994 656 1170 750 quamvis
1203 655 1295 733 hae--

115 831 206 882 eura
236 804 289 881 ad
319 805 513 899 ingentem
545 803 687 877 molem
719 805 880 878 ereverit
912 804 1027 895 liber,
1060 819 1193 897 tamen
1225 808 1272 885 ult

113 957 409 1053 intelligentibus
441 956 535 1032 viria
565 953 896 1052 reprehensionem
919 980 999 1031 non
1022 970 1175 1051 metuo,
1210 962 1273 1060 qut

85 1114 231 1213 ,probe
256 1111 393 1199 seiont,
423 1106 517 1187 niltil
540 1131 621 1183 osee
646 1110 688 1181 in
705 1108 823 1181 literis
838 1123 918 1185 tam
932 1112 1144 1204 minutum,
1171 1112 1273 1211 quod

113 1262 325 1360 cognitione
357 1261 513 1335 omnino
552 1262 602 1333 sit
635 1259 851 1355 indignum3
901 1288 1018 1360 quum
1049 1270 1272 1363 praesertim

20 1372 23 1377 >
113 1438 160 1489 ea
184 1415 233 1487 eit
265 1409 486 1500 Quintiliani
515 1410 721 1504 Latinitas,
753 1437 850 1511 quae
881 1417 1090 1493 secumdum
1115 1442 1141 1492 a
1171 1416 1272 1495 Cieo-

111 1590 204 1641 rone
239 1566 374 1639 merito
407 1550 563 1661 oeeupet
594 1565 738 1659 locum,
776 1567 850 1639 nisi
884 1568 986 1664 quud
1015 1571 1057 1642 in
1096 1571 1164 1644 illo
1196 1574 1266 1655 ele·

58 1708 63 1717 ’
112 1720 282 1815 guntione
314 1732 353 1792 et
384 1717 577 1791 subtiliore
607 1718 878 1815 particularum
908 1742 981 1793 usu
1012 1723 1109 1798 vitio
1136 1728 1271 1799 aetatis

111 1893 202 1945 auae
227 1883 267 1945 et
296 1873 381 1968 ipsa
405 1871 563 1944 laborat.
615 1868 786 1945 Alteram
811 1893 904 1945 vero
934 1894 1004 1947 nee
1030 1874 1152 1949 levem
1178 1901 1269 1951 oau-

111 2044 192 2095 eam
218 2021 437 2129 retardepdi
470 2033 537 2096 aut
568 2032 667 2095 certe
698 2024 740 2097 in
774 2025 938 2098 multum
968 2038 1118 2124 tempus
1145 2028 1270 2125 profe-

110 2174 219 2249 rendi
241 2177 366 2274 operia
393 2174 452 2259 Tu
477 2176 578 2272 ipse,
603 2176 664 2248 vir
690 2173 923 2266 doctissime,
954 2178 1135 2253 attulisti:
1176 2179 1268 2279 Sup-

110 2329 304 2427 plementa
329 2328 431 2399 enim
458 2323 541 2398 Tua
570 2324 840 2423 Spaldingiana
863 2341 978 2425 atque
1010 2332 1129 2426 magis
1157 2335 1263 2407 etiam

59 2532 61 2539 .
111 2477 226 2577 editio
264 2474 348 2551 'lua
388 2474 611 2565 Quintiliani
656 2503 720 2553 me
764 2484 984 2577 coegerunt,
1020 2506 1108 2558 non
1148 2486 1265 2562 solum

69 2626 72 2631 “
110 2618 279 2705 Lenioon
306 2654 435 2705 meum
461 2653 539 2704 non
556 2633 660 2728 priua
684 2632 790 2729 prelo
811 2634 1016 2729 subjicere,
1043 2657 1158 2734 quam
1179 2638 1267 2713 haee

110 2778 187 2855 duo
220 2807 335 2882 opera
374 2784 571 2881 diligenter
608 2786 878 2883 inspexissem3
925 2785 993 2860 sed
1033 2812 1151 2886 quum
1190 2804 1272 2865 tam·

110 2937 238 3023 multis
264 2939 354 3012 loeis
379 2936 601 3012 emendatus
632 2958 678 3011 ao
708 2938 904 3012 restitutus
929 2934 1013 3011 'lua
1037 2964 1153 3039 opera
1181 2967 1267 3017 eva·

110 3088 217 3165 deret
251 3086 523 3180 Quintilianus,
561 3086 663 3164 totus
694 3089 821 3180 labor,
855 3093 929 3189 ¹qui
959 3093 1043 3187 jam
1077 3096 1267 3171 confectae

108 3243 327 3335 videbatur,
371 3244 419 3317 de
452 3244 599 3339 integro
636 3243 733 3315 mihi
772 3255 855 3318 erat
891 3245 1172 3340 introeundae,
1215 3260 1266 3339 ut,

109 3397 176 3493 qui
209 3394 351 3472 fructus
384 3418 438 3469 ex
464 3392 555 3469 Tuis
590 3392 725 3475 studiis
752 3394 804 3469 ad
835 3394 998 3472 Fabium
1023 3399 1263 3491 conferretm',

107 3544 211 3623 idem
249 3549 300 3624 ad
335 3573 465 3625 meum
507 3570 655 3648 quoque
687 3546 902 3624 Fabianum
938 3550 1189 3647 redundaret3
1229 3564 1268 3631 ot

107 3702 197 3799 'quia
220 3726 360 3777 munus
385 3702 648 3779 scholasticum
678 3701 773 3777 mihi
804 3702 917 3777 horae
949 3725 1084 3779 revera
1115 3710 1268 3783 succisi·

108 3875 178 3929 vas
207 3866 356 3929 tantum
389 3855 594 3953 permittit,
634 3855 834 3954 plurimam
873 3857 976 3931 enim
1009 3857 1268 3956 optimamque

108 4006 177 4079 otii
201 4010 275 4081 antei
303 4021 451 4107 partem
477 4008 667 4108 discipulis
691 4010 786 4082 meis
815 4034 879 4084 nte
912 4009 1049 4085 debere
1075 4012 1266 4102 existimo,
