2596 4866
128 331 243 391 xxxll
324 396 332 410 ,
464 360 467 371 ·
586 316 819 405 Prolegomena
897 340 903 371 ι

60 568 65 579 ,
104 492 205 583 ,r‘es
230 495 456 597 potietur
469 488 655 594 plurima.
678 516 717 567 v.
741 488 935 585 Patior;
969 488 1102 589 itque
1123 487 1194 565 illa

129 618 330 723 qualelibet
355 614 471 718 quasi
496 594 679 688 circuitio
710 609 956 710 Superlativi
985 614 1105 709 apud
1128 610 1195 709 Qu

127 744 281 818 lienum
303 740 516 837 frequens,
548 754 597 806 ut
627 730 887 832 quamlibet
902 728 1118 830 pulchra
1148 730 1195 806 loc

33 908 37 924 ·
132 892 166 959 c,
185 886 221 957 4,
240 886 320 950 32..
343 879 384 931 et
400 859 530 929 multa
543 852 683 928 similia
699 880 738 930 v.
755 851 1063 952 Quamlibet.

229 981 271 1082 e)
297 983 364 1055 De
384 973 725 1052 Numeralium
748 999 825 1047 usu
838 972 939 1048 nihil
953 973 1065 1047 aliud
1087 998 1196 1073 quan

129 1131 261 1184 rorem
275 1096 501 1201 Spaldingii
523 1094 754 1180 refellerim,
776 1121 830 1168 ne
852 1097 957 1169 forte
971 1093 1097 1168 latius
1112 1093 1196 1191 illej

128 1250 222 1331 pter
250 1218 534 1296 auctoritatem
567 1215 783 1291 doctissimi
809 1214 897 1321 viri
916 1234 1075 1315 serpat,
1119 1240 1196 1291 con

132 1344 261 1424 dentis
277 1343 320 1416 in
337 1345 445 1415 Nota
463 1338 548 1413 crit.
565 1342 618 1411 ad
639 1364 697 1421 11,
709 1364 744 1422 s,
757 1364 815 1411 cn.
838 1339 1022 1438 quomodo
1038 1338 1196 1441 Metrod

1 1473 2 1482 '
131 1472 173 1545 sit
191 1466 285 1544 XII
294 1462 424 1560 signis,
441 1487 628 1560 perquem
645 1461 713 1534 sol
723 1472 844 1553 meat,
868 1472 1095 1535 trecenos
1113 1475 1196 1538 etsi

128 1611 274 1691 genos
302 1582 492 1667 irretierit
518 1581 618 1656 loeas
645 1581 1004 1697 ,‚satisfrequens,
1031 1581 1197 1657 distribu

130 1732 287 1814 ponere
327 1730 404 1813 pro
441 1701 734 1785 cardinalibus,
749 1716 771 1745 ‘⁴
813 1702 1076 1804 conferrique
1116 1704 1197 1806 jub·

10 1908 13 1913 .
61 1906 64 1911 .
113 1820 513 1913 ”Drakenborohium
530 1828 583 1897 ad
599 1821 765 1933 Livium
778 1821 952 1914 4‚-16‚6.,
975 1844 1017 1898 et
1033 1825 1197 1901 manifet

131 1946 321 2051 imprimis
343 1942 453 2020 Livii
476 1948 613 2017 locum
633 1943 832 2018 censentis
853 1966 898 2041 9,
925 1968 991 2035 30,
1018 1970 1052 2036 3.
1080 1961 1133 2023 ut
1151 1946 1197 2025 Μ’

130 2072 301 2149 nclitum
321 2066 425 2175 seui
442 2066 470 2138 d
476 2068 556 2139 etti
571 2065 612 2139 in
631 2080 799 2165 quatuor
812 2067 976 2164 legibiles
991 2071 1198 2170 apopulel

131 2206 279 2270 rentur.
331 2191 484 2267 Verum
507 2185 550 2259 in
572 2190 686 2260 nullo
708 2190 893 2262 locorum
907 2215 933 2262 a
948 2182 1198 2266 Drakenbon

132 2317 350 2396 citatorum
368 2305 669 2383 distributivum
692 2331 769 2406 pro
789 2304 986 2385 cardinali
1004 2300 1188 2411 ponitur.

42 2526 45 2530 Ι
131 2464 205 2513 sua
220 2432 372 2531 cuique
387 2434 480 2504 loco
496 2426 601 2502 ratio
616 2429 768 2510 subest,
793 2428 947 2529 pariter
962 2456 1012 2506 ac
1026 2458 1166 2511 nostro
1176 2432 1198 2503 κ

34 2598 37 2603 -
132 2582 238 2659 qno,
264 2573 312 2627 ut
334 2554 453 2635 solet,
484 2548 741 2625 distributiva
764 2540 979 2638 dicun'tur,
1010 2554 1117 2653 quia
1138 2560 1184 2629 de

133 2674 260 2753 centis
281 2670 494 2774 sexaginta
524 2669 729 2772 paribus
758 2669 895 2775 agitur
918 2671 1035 2761 locis,
1067 2682 1183 2751 unde

133 2798 233 2876 trini
244 2795 334 2871 ledi·
345 2815 386 2867 et
401 2791 540 2866 similia
555 2789 783 2899 saepissime
797 2795 1003 2896 leguntur.
1056 2798 1134 2898 (Cf.
1150 2800 1199 2871 Rt

133 2925 249 2994 horn.
264 2920 360 3035 Lat.
376 2912 551 2988 Gramm.
574 2914 598 3012 l.
620 2910 699 2990 156.
724 2914 819 2988 Not.
837 2936 871 3004 3,
890 2914 951 3014 o).

469 3137 501 3196 2.
542 3129 610 3198 DE
632 3128 954 3200 PRONOMINE.

110 3340 115 3348 .
234 3281 360 3357 Usum
391 3296 434 3351 et
460 3275 659 3350 rationem
680 3277 970 3353 Pronominum
998 3279 1093 3355 satis
1125 3304 1200 3383 cop

133 3428 261 3508 quum
287 3397 478 3476 Lexicon
506 3402 725 3473 docturum
755 3425 836 3474 esse
862 3399 959 3475 mihi
979 3400 1191 3487 videatur,

130 3549 268 3627 pauca
281 3542 444 3597 tantum
459 3523 802 3607 commemorabo,
819 3547 927 3621 quae
944 3526 1070 3626 vulgo
1086 3522 1200 3598 autel

130 3644 282 3722 tradita
296 3648 370 3716 aut
383 3640 523 3714 omissa
542 3660 638 3713 sunt
644 3668 654 3734 3
671 3641 857 3716 nimirum
865 3646 1201 3745 utrumquodque&

131 3763 381 3841 substantive
407 3760 590 3836 adhiberi
619 3783 660 3849 5,
698 3786 762 3848 io,
797 3788 889 3853 123:
921 3766 1200 3867 urtumquoll

131 3914 282 3989 comm,
316 3884 418 3986 qued
447 3884 501 3959 sit
524 3895 659 3984 aptum
692 3896 820 3991 utque·
833 3889 1065 3977 conueniens.
1107 3889 1175 3979 ,ct

129 3998 250 4085 Rosc.
270 4008 360 4083 Am.
379 4026 439 4094 30.
467 4003 603 4078 leviter
622 4008 984 4109 unumquodque
1006 4013 1190 4106 tangam?

32 4178 38 4193 ι
82 4139 86 4146 ’
128 4128 226 4207 inde
240 4134 385 4206 eodem
402 4150 539 4213 sensu,
564 4150 652 4235 quo
674 4131 947 4233 antemnisque,
974 4130 1056 4208 dici
1081 4155 1184 4207 unus
