2596 4866
122 492 186 557 366
494 486 660 555 Gladiator
680 526 724 539 —
745 486 906 557 Gradatae

156 681 207 718 nos
227 663 261 715 ad
278 666 396 715 mentem
413 656 541 729 optimam
557 658 651 732 gennit
668 663 711 726 12,
731 662 774 726 11,
792 662 835 713 12.
859 659 893 713 ad
911 658 1055 715 saevitiam
1073 662 1152 718 ieras
1169 662 1263 738 gignun-

155 744 201 787 tur
220 738 245 799 1,
265 736 291 799 1,
311 737 340 795 t;
364 738 478 799 uterque
495 729 661 802 gignentium
679 735 706 795 2,
723 733 751 795 9,
770 732 802 795 3,
825 729 988 784 laudandum
1005 731 1035 784 in
1052 735 1180 801 quibusd.
1196 736 1265 803 talus),

157 805 230 873 quod
251 800 334 873 geniti
351 800 514 851 immortales
531 804 558 863 3,
575 804 602 865 7,
620 803 647 854 9.
675 799 760 871 geniti
782 800 904 866 protinus
922 801 1049 853 homines
1068 806 1097 867 3,
1116 808 1150 869 2,
1171 808 1193 856 1.
1209 806 1264 856 dono

157 868 274 942 quodam
292 868 478 939 providentiae
496 869 603 939 genitus
624 872 665 933 10,
686 874 712 934 1,
731 871 793 933 109,
821 888 843 921 c.
856 872 962 923 Addat..-
989 871 1043 923 diis
1061 873 1183 945 genitum
1198 877 1219 941 1,
1232 876 1264 939 ld

156 946 182 995 9.
204 941 322 1011 genitum
339 938 461 1007 praeside
482 938 614 990 bellorum
636 940 690 991 deo
712 940 737 1003 3,
755 942 783 1005 7,
804 936 838 991 5..

125 1010 303 1077 Gladiator.
340 1053 374 1064 -
392 1022 437 1091 qui
456 1039 590 1075 armorum
608 1023 709 1076 inscius
725 1023 755 1075 in
772 1040 888 1095 pugnarn
906 1024 959 1076 ruit
980 1029 1007 1091 2,
1028 1030 1074 1095 12,
1093 1033 1121 1083 2.
1138 1046 1211 1098 saepe
1222 1028 1262 1100 ga·

160 1099 293 1161 dictores,
315 1095 364 1145 sub
383 1094 479 1145 eodem
497 1093 623 1165 arrugistro
646 1093 752 1159 eruditi,
778 1094 849 1145 inter
866 1109 896 1147 sa
914 1100 1258 1167 0010000001012,17,11

159 1168 336 1240 gladiatorum
356 1179 470 1226 manus,
502 1180 570 1231 «lirae
600 1164 734 1215 sectandae.
758 1170 891 1215 vocantur
916 1166 1019 1229 5,13,
1042 1166 1138 1222 54117.
1170 1164 1260 1237 qnctta

162 1233 351 1307 gladiatoribus
368 1230 426 1283 steri
444 1232 576 1297 videmus,
595 1232 752 1284 decretoriis
770 1240 931 1284 exerceatur
949 1236 993 1301 10,
1011 1234 1038 1301 5,
1059 1240 1109 1291 20.

124 1304 353 1369 Gladiatorius.
380 1317 425 1369 illa
446 1318 567 1384 corporis
584 1316 739 1390 gladiatoria
757 1316 882 1370 firmitate
905 1318 978 1384 8,(1,
997 1320 1041 1374 16.

125 1387 319 1454 Gladiclttttt.
354 1419 406 1455 nec
427 1404 543 1473 gladiola
561 1402 704 1471 (quia-paam
717 1402 818 1469 serat),
836 1401 909 1471 atqui
926 1404 1049 1457 Messala
1067 1402 1261 1476 11.-1111111

125 1475 271 1540 Gladius·
306 1489 552 1558 1011001010,
574 1492 666 1555 1,11.
696 1514 731 1525 -
749 1486 963 1554 cruentusd,2,
982 1493 1026 1543 13.
1057 1492 1112 1545 nisi
1130 1491 1261 1561 quisdicat,

157 1562 238 1614 etiam
255 1559 371 1631 gladium
388 1559 549 1610 fabricatum
568 1558 649 1609 abeo
667 1555 757 1623 prius,
779 1557 824 1624 qui
837 1559 939 1610 fernim
956 1558 986 1611 in
1005 1564 1124 1614 tutelam
1140 1564 1187 1629 sui,
1204 1576 1262 1629 «pan

158 1631 204 1699 qui
222 1630 249 1680 in
267 1626 414 1695 perniciem
433 1627 542 1679 alterius
562 1626 725 1694 compararit
745 1633 771 1691 3,
789 1632 815 1691 2,
834 1632 860 1679 2.
884 1646 910 1678 v.
930 1628 1106 1683 Fabrico.
1143 1648 1226 1699 prosa.
1240 1636 1261 1679 11

156 1713 357 1753 mucronem
377 1711 428 1764 pro
446 1696 570 1767 gladio
591 1726 627 1735 —
646 1695 759 1763 recipiet
777 1697 808 1760 8,
826 1697 857 1760 o,
876 1699 921 1749 20.
944 1713 999 1751 nec
1015 1707 1047 1750 ut
1068 1717 1185 1753 mrrcro
1208 1700 1264 1767 gn·-

157 1770 263 1832 dinm,
287 1767 327 1817 sic
344 1780 545 1817 mucronem
564 1764 705 1836 gladius
724 1764 842 1817 ostendit
862 1764 995 1831 10,1,14
1015 1768 1051 1819 ,11.
1071 1770 1163 1839 gladio
1177 1768 1261 1821 condita

157 1847 237 1907 atque
258 1836 327 1887 intra
345 1834 470 1907 vaginam
489 1851 565 1886 suam
582 1833 704 1886 haerenti
721 1836 748 1888 8.
766 1836 810 1885 l'r.
821 1836 863 1887 15.
881 1832 972 1906 gladio
990 1838 1191 1909 pugnacissima
1204 1850 1260 1909 gant,

156 1904 269 1960 Romani
287 1908 313 1969 9,
333 1907 359 1970 3,
376 1907 410 1969 11,
429 1904 547 1975 gladia
567 1906 593 1969 1,
611 1903 637 1967 5,
656 1903 689 1955 16
703 1904 737 1955 Ν.
753 1921 777 1957 a.
798 1904 947 1957 Ferrum.

123 1974 237 2044 Glebn.
275 1990 411 2062 glebarum
432 1998 612 2057 testanturque
631 1990 716 2056 jactus
738 1990 764 2054 8,
786 1992 814 2054 2,
836 1992 862 2041 5.

123 2060 296 2129 (1101101111.
325 2077 389 2128 luna
405 2076 526 2147 globosa,
547 2093 580 2127 an
597 2076 685 2142 plana,
704 2091 739 2126 an
756 2083 834 2127 acuta
850 2078 878 2140 7,
894 2076 922 2139 2,
939 2073 967 2127 6.

124 2148 248 2216 Gloria.
278 2166 398 2215 Romana
416 2162 536 2214 inbellis
555 2160 641 2234 gloria
660 2165 686 2227 1,
704 2164 748 2227 10,
766 2156 809 2214 14.
833 2174 889 2229 quo
905 2158 941 2213 sil
958 2158 1048 2226 major
1066 2159 1100 2218 0.
1113 2156 1257 2227 cemandri

156 2239 183 2300 8,
204 2234 230 2297 t,
252 2237 295 2285 20.
322 2248 378 2285 non
395 2233 484 2284 minor
501 2231 552 2283 erit
566 2246 667 2295 eorurn,
686 2230 733 2298 qui
749 2229 863 2295 vivunt,
879 2231 916 2301 gl.
934 2230 962 2295 9,
980 2232 1008 2295 3,
1027 2230 1077 2285 89.
1105 2248 1183 2300 quem
1197 2228 1256 2301 glori·
1297 2229 1298 2250 ¹

156 2308 233 2374 jrrvet
251 2309 283 2368 1,
302 2306 335 2369 3,
353 2308 384 2369 7,
413 2304 523 2354 ductum
541 2298 651 2367 irruendi
670 2298 816 2367 cupiditate
834 2298 938 2371 gloriae
960 2302 995 2365 7,
1016 2302 1055 2367 2,
1076 2300 1121 2353 24.
1146 2301 1179 2353 ad
1193 2298 1256 2351 sulus

156 2378 238 2429 finem
265 2370 382 2424 laudis
400 2380 427 2424 et
444 2370 582 2443 gloriae
602 2370 694 2421 tendat
719 2369 880 2436 3,3,11,
909 2368 1040 2436 frequens
1061 2366 1255 2423 commemoratio
1296 2387 1298 2413 t

157 2462 213 2499 non
230 2441 334 2513 gloriae
352 2441 436 2512 magis
451 2455 533 2557 quiam
552 2437 704 2489 defensioni
726 2438 786 2490 deta
812 2437 978 2502 11,1,16.
1005 2434 1034 2488 in
1068 2456 1146 2491 suam
1169 2436 1256 2509 glon'an

158 2520 183 2580 1,
202 2517 228 2577 2,
250 2512 295 2573 16,
318 2508 433 2561 vaniore
470 2505 986 2579 icendigloriainllata(gens)12,10,
1005 2510 1049 2559 17.
1072 2506 1109 2571 rs.
1128 2512 1168 2565 11,
1186 2512 1206 2569 1,
1220 2506 1254 2565 71,

158 2592 261 2637 tantum
287 2578 393 2645 assequi
409 2574 524 2629 laudis
545 2582 572 2627 et
589 2574 722 2646 gloriae
740 2580 766 2641 2,
788 2578 884 2641 16,19.
903 2574 1035 2627 Africano
1055 2578 1143 2631 virtus
1159 2574 1254 2647 glorian

158 2650 244 2725 gloria
261 2648 381 2698 aemulos
399 2644 569 2713 comparavit
589 2648 624 2710 9,
646 2647 681 2709 3,
701 2645 744 2699 56.
775 2644 889 2699 Achillis
907 2643 1022 2715 gloriam
1039 2643 1071 2697 in
1093 2647 1192 2698 bellicis
1207 2658 1255 2695 con·

158 2720 234 2791 sequi
253 2719 356 2781 12,11,
382 2719 426 2767 27.
454 2723 568 2766 exornat
589 2714 681 2766 aetatis
698 2723 806 2767 nostrae
827 2714 939 2785 gloriam
959 2716 1005 2780 10,
1027 2714 1138 2777 1,·104.
1168 2716 1254 2766 multam

157 2799 186 2847 et
201 2802 284 2843 verae
301 2782 403 2856 gloriae
423 2784 521 2835 meruit
546 2787 577 2835 ib.
598 2783 642 2838 94.
670 2784 799 2847 majorem
820 2782 968 2837 benefactis
988 2782 1106 2853 gloriam
1122 2784 1188 2853 parit
1202 2786 1224 2849 3,
1236 2782 1254 2843 7,

158 2862 200 2915 13.
222 2872 257 2909 an
273 2870 368 2923 parum
381 2855 414 2904 ad
427 2861 552 2920 posteros
569 2852 671 2925 gloriae
688 2852 875 2906 tradiderunt'l
902 2856 945 2919 12,
965 2855 1008 2920 11,
1025 2854 1071 2907 23.

124 2942 265 3035 Glorior}
287 2961 386 3034 aperte·
397 2953 508 3033 gloriari
529 2958 579 3035 11,ι
597 2959 622 3020 1,
639 2959 682 3009 21.
712 2954 749 3007 ita
766 2953 875 3028 gloriari
895 2955 1028 3020 0010012,
1050 2958 1095 3021 11,
1111 2960 1142 3019 7,
1165 2968 1253 3006 cun·-

155 3030 203 3083 ille
222 3034 301 3079 etnam
319 3024 447 3093 glonatua
467 3032 501 3074 stt
521 3040 614 3076 occaso
638 3026 710 3076 malo
729 3024 794 3077 ciue
815 3028 844 3091 3,
863 3025 956 3086 6,113.
980 3031 1009 3077 01
1031 3021 1071 3076 in
1091 3022 1179 3093 paucis
1194 3030 1251 3085 atq!

155 3096 301 3152 humilibus
329 3102 469 3145 accusator
494 3092 661 3160 simplicitate
688 3094 797 3165 gloriari
821 3101 911 3161 potest
937 3096 970 3157 5,
992 3097 1026 3159 7,
1046 3091 1093 3149 24.
1119 3088 1250 3156 iactatio

156 3169 247 3222 circa
260 3161 416 3215 memoriam
428 3180 475 3214 sua
494 3162 558 3229 (Sp.
580 3162 674 3227 suam.)
691 3163 779 3231 potius
796 3172 852 3217 arte
875 3179 954 3230 quam
966 3171 1064 3215 natura
1078 3154 1249 3235 gloriantis

157 3241 209 3303 11,
225 3242 258 3298 2,
282 3237 316 3284 22
336 3237 388 3296 2.,-
414 3250 443 3285 se
465 3233 590 3284 tenebras
608 3232 735 3285 odrrdisse
755 3232 889 3297 iudicibus
906 3230 1035 3301 gloriatus
1053 3240 1096 3285 ast
1114 3235 1147 3298 2,
1165 3228 1247 3293 17,11·

155 3306 228 3377 quod
247 3303 303 3369 ipse
321 3318 350 3353 se
368 3318 475 3369 passum
487 3301 650 3374 gloriabatur
662 3302 690 3371 6,
703 3306 731 3371 3,
742 3306 791 3369 75,
810 3300 983 3355 ambitionum
999 3298 1171 3373 gloriandi
1185 3304 1246 3369 gu!
1297 3356 1298 3362 ,

156 3384 207 3441 est,
224 3374 304 3426 etiam
322 3372 487 3424 deridere
509 3376 552 3437 11,
573 3376 599 3439 1,
617 3375 662 3424 21.
1297 3379 1298 3392 ³

121 3460 302 3528 Glossema·
331 3475 504 3546 glossemata,
522 3473 551 3526 id
570 3482 625 3542 001,
643 3487 729 3527 voces
746 3472 834 3526 minus
849 3467 960 3525 usitatas
978 3474 1006 3541 1,
1023 3473 1050 3539 6,
1070 3470 1112 3527 15.

122 3541 271 3612 Gracilis·
290 3562 361 3612 inter
378 3558 542 3632 gracilav
553 3559 736 3628 alidumque
750 3558 858 3611 tertium
866 3556 975 3625 'aliquid
995 3557 1163 3611 constitutum
1175 3546 1233 3607 adt

157 3636 205 3695 10,
219 3632 263 3684 tio.
283 3644 340 3681 non
357 3644 499 3695 possumus
518 3645 578 3683 esre
594 3636 650 3683 tarn
669 3629 850 3701 graciles,
868 3626 951 3681 aimus
969 3610 1230 3703 10011000105ι

121 3696 301 3772 (1100111101.
344 3712 416 3792 Quid
448 3712 594 3767 Periclea?
628 3714 777 3769 similemne
811 3713 945 3766 credimus
972 3712 1104 3782 Lysiacae
1135 3700 1227 3783 W
1278 3729 1298 3776 t

154 3788 283 3850 (Ilattia.
305 3801 371 3848 cani.
390 3783 544 3835 adluissane
558 3800 623 3836 cna
637 3786 752 3853 Lysiaca
770 3783 933 3856 gracilitate,
951 3788 985 3841 Ζ.
1003 3784 1089 3835 baisse
1105 3796 1139 3833 cr.
1155 3776 1227 3842 115⁸*

153 3854 205 3929 gr.)
228 3857 270 3916 10,
291 3856 334 3915 10,
352 3850 394 3902 aa
411 3854 448 3904 n.
463 3872 497 3903 er.
516 3864 539 3903 0
558 3856 585 3905 s.
609 3871 701 3921 pressa
718 3854 764 3907 tua
780 3852 940 3905 muttonis
958 3868 1000 3925 gr.
1017 3851 1045 3919 4,
1062 3830 1224 3919 0001011

154 3921 329 3999 gracilitatem
347 3920 409 3972 stilo
432 3922 544 3991 exigere
566 3928 590 3988 1,
610 3928 636 3989 9,
657 3929 683 3975 2.

120 3988 300 4059 Graciliter.
336 4005 388 4057 alia
412 4007 572 4059 ornatius
599 4008 651 4061 alia
674 4006 844 4081 gracilius
868 4020 930 4061 essa
951 3984 1219 4072 1110011110(0.1.βψ

155 4082 206 4133 alie
244 4076 346 4142 navius)
365 4074 438 4140 9,4,
457 4079 519 4129 130.
1282 4084 1286 4091 ·

122 4094 289 4214 Graculus.
317 4160 458 4235 graculos,
482 4160 545 4230 quia
561 4161 691 4233 gregatim
707 4163 803 4216 voleat
822 4163 854 4217 V
854 4178 945 4235 arro.
966 4162 994 4228 1,
1013 4160 1041 4227 6,
1057 4160 1099 4213 37.
1269 4182 1285 4217 ,·

120 4234 284 4301 Gradatio.
316 4272 352 4283 —
368 4248 499 4315 quaedam
515 4248 664 4301 verborum
682 4246 742 4315 (fig.
759 4266 803 4317 ap.
824 4242 939 4315 cae.)9,
957 4250 984 4315 1,
995 4242 1038 4300 34.
1057 4231 1213 4315 gnarior*
1274 4240 1281 4255 ²

156 4321 254 4373 dicitur
274 4312 385 4385 ιλῖμιξ,
405 4315 567 4385 apertiorem
585 4316 667 4372 habat
685 4326 785 4385 mem,
813 4322 843 4371 01
870 4316 957 4389 magis
975 4314 1123 4375 affectatam,
1140 4299 1215 4361 Μ

155 4407 218 4445 csse
233 4387 322 4445 rarior
337 4386 426 4442 debat.
445 4386 474 4454 9,
492 4387 520 4453 3,
537 4382 582 4440 54.
