2596 4866
41 328 46 343 ,
117 298 186 357 nv
213 240 222 251 ¹
591 277 763 362 Praefatio.
830 300 837 309 ·

123 452 262 540 tamen
278 422 427 535 acriter
441 446 636 543 adhibito,
661 476 716 523 ne
738 471 857 553 grato
872 476 1056 525 sermone
1074 472 1115 525 et
1132 453 1202 527 bla
1243 487 1250 514 ·

127 578 373 687 argumentis
400 569 563 647 editoris
590 571 753 671 decepti
781 573 883 644 falsa
903 599 981 672 pro
1005 573 1111 649 veris
1137 599 1288 677 εωρ-

128 726 304 779 ctantur.
355 690 497 767 Edidit
531 690 598 763 hic
630 691 738 763 idem
770 714 920 766 auctor
941 693 1094 766 Latine
1118 700 1246 769 eund·
1265 737 1266 742 κ
1291 761 1292 764 ,

129 826 289 910 librum,
301 821 373 891 sed
388 792 461 886 sibi
483 834 524 883 ct
539 810 699 885 Latinis
724 810 856 899 literis,
866 813 1015 912 quib'us
1032 813 1189 914 alioqui
1206 812 1295 893 sads

128 910 376 1020 laudabilem
391 958 559 1034 operam
574 930 784 1032 impendit,
806 932 948 1007 melius
973 932 1290 1031 consuluisset&

131 1060 318 1143 versione
351 1082 427 1130 sua
458 1053 597 1127 fuisset
634 1074 866 1128 contentus.
925 1054 1107 1128 Minores
1138 1055 1289 1131 libellos

124 1184 240 1257 -foras
262 1179 466 1249 dederunt
484 1173 738 1265 Eiobhoff,
759 1173 905 1248 iterum
923 1174 1062 1249 Gissae
1082 1175 1192 1269 1830,
1207 1198 1290 1253 tex·

132 1324 221 1375 tum
252 1296 396 1368 decimi
429 1294 520 1368 libri
553 1321 649 1368 cum
680 1293 801 1371 variis
834 1294 1076 1369 lectionibus
1109 1296 1291 1373 editionis

127 1416 397 1507 coloniensis,
415 1437 540 1489 antea
558 1421 747 1489 nondum
762 1416 855 1489 satis
870 1415 1086 1518 diligenter
1101 1421 1289 1493 collatae:

117 1563 178 1629 ,et
202 1542 505 1639 pseudonymus
530 1538 604 1612 Fr.
632 1536 761 1609 Guil.
790 1535 1026 1638 Augusti,
1058 1538 1291 1623 Helmstadii

27 1748 34 1767 x
140 1660 263 1763 1831„
294 1656 474 1759 juvenis,
509 1678 556 1730 ut
587 1659 771 1751 videtur,
804 1683 830 1730 a
860 1657 983 1731 literis
1012 1682 1102 1731 non
1129 1657 1292 1753 alienus,

138 1804 248 1858 certe
289 1778 498 1880 ingentem
534 1776 730 1850 librorum
762 1780 1025 1852 laudatorum
1060 1779 1234 1878 copiam.
1256 1780 1292 1853 iu

138 1896 488 1977 annotatiunculis
522 1896 601 1969 suis
638 1896 921 1992 coacervavit,
949 1918 997 1972 ut
1020 1920 1125 1975 totas
1151 1899 1292 1975 biblio·

136 2030 275 2098 thecas
298 2045 390 2092 eum
408 2023 462 2090 ad
480 2044 609 2091 unum
627 2020 808 2092 libellum
830 2023 1140 2119 explanandum
1155 2047 1291 2097 excus-

137 2146 229 2221 sisse
279 2145 472 2215 crederes.
536 2140 697 2213 Horum
736 2139 917 2213 omniurn
962 2139 1159 2216 librorum
1206 2160 1290 2244 post

130 2270 342 2347 volumen
359 2262 407 2336 V.
439 2256 641 2332 editorum
667 2258 699 2331 si
722 2258 812 2358 quis
832 2259 1061 2347 uberiorem
1085 2287 1291 2339 censuram

135 2386 266 2463 meam
277 2376 529 2473 desiderarit,
556 2376 602 2450 in
613 2376 846 2461 Annalibus
868 2381 1150 2481 proximorum
1166 2409 1289 2459 anno·

134 2532 226 2581 rutn
244 2496 426 2575 literariis
445 2495 628 2573 inveniet
644 2505 692 2591 l‘),
719 2499 922 2601 quidquid
945 2529 1043 2579 vero
1061 2502 1120 2576 illi
1147 2488 1219 2607 ipsi
1244 2508 1290 2579 ad

136 2618 436 2723 Quintilianum
462 2620 693 2694 accuratius
716 2629 1049 2724 cognoscendum
1079 2648 1154 2700 aut
1186 2625 1289 2701 resti·

133 2746 335 2817 tuendum
357 2737 576 2813 contulisse
599 2740 696 2813 milri
726 2742 992 2835 videbantur,
1025 2747 1104 2818 suis
1135 2746 1235 2822 locis
1255 2747 1291 2820 in

133 2863 291 2939 Lexico
311 2858 398 2960 ipso
416 2862 740 2938 commemoravi.

236 2985 313 3057 Sed
345 3005 502 3057 novum
534 2987 745 3080 quoddam
776 2978 1109 3077 fundamentum,
1142 2986 1188 3060 in
1213 3010 1292 3089 quo¹

133 3130 255 3203 super
269 3098 493 3202 Spaldingii
509 3101 728 3175 editionem
742 3102 825 3204 ipse
843 3133 978 3180 meum
1004 3134 1107 3205 opus
1132 3131 1289 3184 extrue·

132 3252 229 3317 rein,
255 3225 366 3297 facta
386 3218 481 3293 inibi
505 3242 565 3295 est
589 3221 748 3296 editio
766 3225 1087 3327 Zumptiana,
1115 3230 1288 3329 quaesti

131 3342 252 3419 fidem
292 3330 490 3417 Codicum
533 3342 903 3445 manuscriptorum
944 3346 1086 3450 optimi
1127 3332 1285 3453 generis,

127 3606 383 3622 —m

212 3750 246 3834 *)
267 3750 462 3815 thrbiicltcr
486 3750 540 3814 fiir
568 3755 868 3822 wissenschtltlichs
891 3760 1000 3822 Kritik
1029 3760 1094 3822 Iuli
1120 3763 1202 3822 1830
1229 3762 1287 3823 No.

127 3856 236 3937 5-7.
265 3876 299 3917 u,
323 3856 398 3918 luni
422 3860 503 3921 1833
525 3861 589 3924 No.
615 3865 804 3926 trs-120.
847 3864 1044 3951 Al'lgemeine
1066 3866 1286 3947 Schulteitultg

123 3959 220 4025 Abtli.
240 3964 279 4025 11.
302 3962 364 4022 No.
386 3962 438 4020 23.
482 3963 572 4023 Neue
592 3962 788 4029 Jahrbiicbet·
812 3966 869 4031 fiir
895 3968 1073 4050 Philologie
1100 3971 1166 4031 uod
1188 3970 1286 4033 Prdi-

76 4060 79 4065 ’
119 4066 217 4149 gogik
242 4065 334 4126 1832.
361 4064 416 4141 Vl,
442 4084 468 4126 t.
