2596 4866
418 342 648 411 immortalitas
668 380 711 393 -·
731 342 866 432 Impello
1136 350 1226 415 ’403

171 514 307 583 tibilim·
339 532 565 589 immortalitatem
586 534 687 591 virtute
710 531 852 589 consecuti
874 534 909 600 3,
936 537 969 603 7,
988 533 1015 591 9.
1050 532 1116 588 emit
1134 545 1222 591 morte

171 606 327 661 unalitatem
344 606 370 666 9,
389 608 415 669 3,
434 609 476 657 71.

172 688 233 739 tus.
269 698 315 742 aut
338 688 479 743 immota
508 688 620 743 omnino
644 696 690 741 aut
706 687 818 740 nimium
837 668 1221 762 mahumetanorum,

171 764 194 817 Β.
219 760 383 826 immotoque
401 769 507 825 sceptro
527 759 598 823 (Abi.
619 760 684 821 aba.)
705 761 737 809 ib.
756 758 816 811 158.

171 830 267 932 iltius·
292 847 388 896 humus
405 854 463 897 erat
479 844 669 912 immunda,
688 844 864 895 lutulenta
879 840 947 896 vino
968 845 1020 896 Cic.
1038 846 1065 911 8,
1074 844 1152 912 3,66.

171 936 235 979 ¹ntra.
257 934 283 997 1,
299 936 328 997 7,
345 933 372 985 8.

171 997 293 1063 dabilis.
316 1014 480 1067 immutabile
498 1023 549 1078 est,
568 1014 639 1083 quod
656 1014 757 1065 iactum
774 1019 814 1065 eat
830 1017 858 1078 7,
874 1010 902 1078 4,
920 1018 963 1067 27.
983 1014 1056 1070 imm.
1075 1018 1221 1073 necessitas

171 1090 238 1153 e,1.
264 1083 411 1157 [signorum
430 1085 502 1136 imm.
520 1084 603 1150 (Libri
622 1093 756 1135 emmanue
772 1083 844 1133 Ald.
863 1080 1113 1156 innumerabilium,
1133 1091 1220 1141 sedin

171 1162 196 1209 ri.
216 1160 287 1207 nulla
298 1165 400 1205 notatur
416 1173 434 1204 a
452 1156 503 1220 Sp.
526 1152 671 1216 diversitas)
689 1155 715 1218 5,
734 1152 775 1217 10,
794 1149 829 1205 74
840 1152 876 1204 Ν.
887 1150 945 1219 σν.].

171 1242 264 1307 [tatio.
294 1255 358 1322 (fig.
378 1275 420 1322 cp·
441 1252 515 1319 Cic.)
541 1258 568 1321 9,
586 1258 612 1320 1,
630 1256 673 1307 35.
709 1252 782 1306 imm.
800 1251 860 1305 sine
877 1256 1063 1309 controversia
1082 1266 1136 1325 est,
1159 1276 1221 1312 cum

171 1330 244 1411 ipro
262 1325 315 1379 alio
333 1325 441 1392 ponitur
465 1330 496 1389 1,
517 1326 550 1389 5,
574 1321 617 1375 41.
654 1322 831 1375 barbarismos
851 1322 911 1375 lieri
934 1323 1116 1379 immutatione
1142 1331 1174 1379 ib.
1194 1332 1219 1383 6.

171 1414 219 1449 tin
236 1411 292 1446 uno
312 1395 422 1446 nomine
440 1394 555 1445 faciebat
571 1393 766 1457 barbarismos,
793 1394 974 1458 preculam
999 1410 1049 1462 pro
1071 1394 1221 1463 peronia

171 1482 216 1533 ns,
246 1473 274 1517 et
299 1462 563 1529 immutatione,
589 1478 650 1513 cum
669 1466 936 1530 cprognteretur,
959 1470 987 1517 et
1006 1472 1221 1521 transnanto.

171 1550 217 1601 ne,
234 1550 296 1585 cum
314 1552 327 1583 r
344 1542 523 1600 praeponeret
540 1551 555 1584 e
571 1528 740 1583 antecedenti
758 1532 792 1581 ib.
812 1533 846 1581 12
863 1541 910 1585 etc.

171 1616 273 1667 mco.
305 1617 521 1671 immutescamus
543 1615 645 1684 alioqui
669 1619 713 1683 10,
734 1615 827 1683 3,16.

171 1702 221 1761 11οι
254 1720 356 1757 nomen
372 1704 483 1756 immuto
501 1703 539 1768 (a.
556 1708 573 1754 1.
591 1700 701 1753 nomina
717 1696 803 1767 muto)
830 1702 857 1767 8,
875 1700 902 1767 6,
919 1702 964 1755 28.
1000 1696 1003 1701 ’

171 1764 201 1861 i:
222 1766 330 1845 obsessi
350 1797 378 1841 et
401 1789 516 1856 impares
542 1795 569 1839 at
586 1804 655 1855 aqua
673 1785 789 1855 ciboque
808 1786 908 1841 deiecti
925 1789 958 1853 3,
975 1788 1010 1854 8,
1030 1790 1073 1842 23.
1107 1788 1224 1861 impares

171 1856 245 1921 stim
259 1868 354 1913 contra
378 1857 493 1929 ingeniis
517 1854 550 1923 1,
572 1860 606 1921 1,
624 1858 650 1910 8.
682 1856 716 1908 ad
733 1854 950 1909 exhortationem
966 1856 1113 1925 praecipue
1130 1862 1223 1914 valent

171 1926 271 2051 Ἥ,
286 1933 336 1996 11,
355 1931 406 1994 1ος
433 1927 549 1995 impares
567 1922 670 1994 (teges)
687 1929 715 1991 7,
733 1924 827 1993 7,16.
852 1923 975 2021 imparib.
991 1925 1083 1993 spatiis
1100 1944 1133 1997 ao
1148 1930 1224 1983 sonis

171 2000 278 2131 &nium
309 2083 387 2154 Quae
405 2095 474 2136 vero
491 2080 545 2130 hoc
562 2076 660 2145 patitur
677 2076 761 2144 ratio,
787 2085 819 2130 ut
836 2076 1028 2145 quisquam-sit
1051 2087 1144 2133 orator
1160 2080 1223 2151 imp.

171 2158 241 2207 11111
261 2150 317 2219 (sic
341 2154 409 2218 sp,
440 2152 552 2218 quamuis
570 2151 618 2213 ipsi
635 2150 785 2215 displiceut5
814 2150 892 2200 Codri.
914 2157 975 2213 opit.
996 2154 1050 2216 pal.
1069 2149 1172 2217 oratio,
1196 2159 1227 2203 ut

171 2236 182 2275 l.
198 2228 291 2275 0111101·
306 2219 448 2287 aliqnando
468 2217 574 2269 mittere
592 2233 684 2282 casus,
704 2220 779 2283 uude,
799 2226 900 2284 praeter
919 2227 956 2267 iot
973 2220 1132 2283 interpretum
1150 2238 1226 2273 conu-

179 2294 269 2359 pnneis
288 2294 399 2353 mutatis,
418 2289 556 2353 effecerim.-
585 2287 661 2353 (luae
677 2302 705 2339 r.
724 2286 751 2338 h.
769 2302 797 2354 p.
816 2285 919 2350 oratio,
939 2293 970 2336 ut
986 2285 1127 2355 qaisquam
1143 2290 1228 2359 ponit

171 2374 203 2413 or
219 2359 363 2428 aliquando
380 2358 504 2410 omittere
522 2354 633 2421 ansusi)
651 2358 694 2421 10,
711 2359 739 2421 7,
757 2357 774 2408 3
791 2356 827 2409 Ν.
846 2375 882 2409 cr.
900 2357 927 2407 S.
946 2358 984 2407 H.
1002 2354 1055 2423 11]
1091 2386 1096 2395 -

171 2446 255 2509 tliur.
274 2459 431 2531 quantulum
450 2459 521 2511 enim
539 2456 633 2513 studiis
650 2455 817 2525 impartimur
833 2456 873 2526 (u.
882 2463 899 2511 1.
916 2454 1033 2551 impert.)
1053 2460 1149 2526 12,11,
1166 2462 1207 2515 18.

171 2548 262 2611 tiena.
284 2562 367 2615 habet
382 2578 458 2615 mens
475 2556 697 2615 nostralsabltme
712 2558 838 2628 quiddam
854 2586 889 2597 -
905 2567 934 2612 et
948 2559 1090 2628 impatiens
1104 2562 1227 2629 superio-

171 2636 251 2699 tt,1,
269 2634 313 2686 16.
1167 2640 1170 2645 ’

171 2698 353 2767 diluculunt.
380 2724 411 2767 ut
429 2715 482 2767 sint
502 2723 709 2768 ornamento
726 2730 784 2767 non
803 2712 1057 2781 impedimento
1077 2714 1104 2777 5,
1121 2713 1164 2781 14,
1184 2718 1228 2771 35.

171 2788 199 2853 b,
217 2790 269 2853 to,
287 2790 348 2841 123.
374 2785 474 2837 turbati
491 2786 627 2837 exercitus
645 2782 765 2852 sibiipsi
782 2782 973 2850 impedimento
994 2793 1057 2837 utnt
1085 2790 1118 2851 7,
1141 2787 1185 2839 rr.
1203 2790 1230 2841 2.

171 2859 306 2921 Ι,2,12.
336 2858 421 2921 1,7,
441 2858 482 2906 17.
512 2854 687 2906 sentientibus
704 2853 758 2920 jam
776 2860 831 2903 tum
848 2852 948 2919 optima
966 2854 1035 2906 duae
1053 2870 1098 2905 res
1114 2853 1230 2923 impedi-

171 2932 203 2979 ὓ)
216 2927 346 2993 fraenant,
374 2925 446 3004 quod
465 2936 512 2975 ete.
532 2929 565 2988 2,
590 2926 621 2988 5,
642 2926 669 2974 2.
697 2922 737 2973 ad
754 2923 853 2973 multos
871 2930 960 2991 gestus
980 2931 1020 2975 est
1036 2922 1242 2988 impedimento·

171 2996 219 3061 ri,
240 2994 307 3059 1423
344 3008 391 3061 qur
413 2994 481 3044 liaeo
504 3018 538 3033 -
562 2990 752 3058 impedimenta
766 2991 851 3054 maius
868 2991 968 3058 aliquid
986 2992 1125 3062 agentibus
1149 2991 1230 3065 (Sp,

171 3062 227 3135 iffi)
243 3070 340 3131 putent
359 3066 388 3127 1,
406 3066 439 3127 7,
456 3064 499 3115 33.
532 3058 729 3130 impedimentis
749 3059 882 3127 ejusmodi
901 3059 975 3128 pleni
994 3069 1057 3131 ¹ararit
1075 3062 1231 3133 mammeti·

171 3129 411 3212 ,tni'commentarii
428 3134 454 3198 1,
474 3132 501 3197 8,
520 3130 561 3185 19.

258 3242 290 3287 nt
307 3232 414 3299 omnis,
434 3249 503 3301 quae
520 3228 681 3299 impediant,
698 3228 792 3284 vincat
809 3228 923 3284 intentio
941 3234 985 3297 10,
1002 3234 1029 3297 3,
1047 3234 1093 3287 28.
1127 3232 1233 3305 Quodsi

247 3312 259 3357 t
277 3312 401 3371 tempora
416 3319 433 3353 a
450 3300 622 3369 judicandam
639 3302 684 3366 12,
702 3302 745 3365 10,
763 3302 814 3365 55;
836 3298 960 3369 impediri
978 3306 1072 3353 eorum
1089 3302 1234 3357 decursum

171 3406 175 3413 ·
220 3376 265 3429 25.
291 3370 480 3439 interjectione
500 3368 622 3438 impediri
642 3370 711 3422 solet
730 3368 883 3422 intellectus
902 3374 986 3436 8,2,
1006 3370 1048 3424 15.
1077 3372 1235 3427 naturaiiter

171 3428 258 3508 bditnr
274 3442 346 3510 (sax)
364 3456 420 3494 non
439 3450 586 3508 propter
602 3440 730 3505 calorem,
749 3470 783 3479 -
801 3440 849 3491 sed
866 3447 1016 3508 propter
1032 3441 1173 3495 humorem
1191 3445 1235 3505 11,

171 3508 368 3653 ἶᾎίωμᾱίωι
386 3509 478 3578 aliquo
496 3524 562 3561 casu
578 3510 605 3575 8,
616 3507 700 3576 6,12.
727 3507 758 3560 tit
774 3509 877 3579 longa
895 3517 922 3561 et
941 3508 1109 3577 impedita
1126 3509 1236 3581 (ornain)

171 3652 227 3760 *b
245 3680 270 3743 Ι)
286 3684 343 3751 iq.
356 3698 464 3747 argee,
481 3682 589 3745 agito:
608 3692 665 3731 nno
676 3676 734 3732 ictu
750 3680 912 3747 frequenter.
923 3677 1064 3747 impellunt
1075 3678 1239 3749 (aeramine)

176 3750 222 3817 ,11,
236 3750 290 3817 483
316 3752 396 3819 plura
412 3750 493 3801 simul
511 3746 678 3813 invadimus,
696 3748 719 3801 si
737 3758 783 3802 aut
800 3759 852 3801 tam
869 3747 974 3801 infirma
990 3758 1069 3818 sunt,
1090 3758 1121 3803 ut
1137 3750 1239 3819 paritet

235 3819 354 3903 possint,
381 3828 428 3871 aut
449 3830 496 3873 etc.
521 3820 555 3882 5,
577 3818 626 3882 13,
646 3821 695 3883 11,
731 3817 768 3871 in
783 3816 919 3899 ‚pirannis
938 3818 1055 3872 animum
1073 3819 1239 3873 audientium

209 3890 504 4025 daliotti-..li
510 3884 1239 4025 ..311113111.ῑ..1’1.ἶ;1111ἷ“.ῑῖ.1

221 4028 292 4095 plura
308 4030 377 4081 baec
394 4042 495 4097 genera
512 4025 560 4077 sed
577 4040 662 4092 propa
674 4024 879 4079 innumerabilia
889 4025 1032 4080 videantur
1043 4024 1238 4101 31211118.

221 4112 451 4163 postumam:
478 4096 527 4149 vel
543 4092 668 4146 iratum
685 4096 733 4147 vel
751 4094 936 4162 impulsum
956 4098 989 4148 ab
1007 4093 1066 4146 aliis
1087 4097 1130 4159 11,
1147 4096 1176 4159 ’1,
1194 4098 1239 4146 71.

171 4226 173 4231 Ι
205 4170 233 4217 ..1
249 4164 328 4221 initio
352 4165 551 4221 movendus
577 4162 613 4217 sit
636 4164 736 4231 judex,
760 4158 908 4217 etsunimo
927 4162 1155 4231 impellendus
1172 4166 1243 4231 7,1,

171 4207 233 4315 ,ἵζε
255 4232 388 4319 inpulsae
404 4232 547 4307 ruponsie
562 4234 592 4305 3,
609 4235 656 4305 11,
674 4233 712 4302 o,
738 4234 786 4303 qul
804 4234 847 4289 ad
862 4232 1048 4289 crudelitatem
1064 4246 1128 4285 anm
1143 4230 1243 4303 impel-

919 4330 990 4391 26*
