2596 4866
488 298 661 367 Praefatio.

14 496 165 575 peram
186 495 324 563 meam,
347 472 393 564 si,
420 473 493 572 qui
517 471 579 546 his
601 498 759 548 mecum
778 472 837 545 uti
856 471 1001 564 velint,
1028 498 1092 573 prt

14 590 281 683 itellexcriut‚
310 614 364 683 et,
387 596 501 693 quod
527 618 689 692 sperare
714 616 832 693 potue
857 618 948 666 meo
974 598 1092 693 quod.

14 740 82 789 tre
112 710 205 787 mibi
230 711 395 805 videor,
422 712 459 785 ei
487 713 657 816 gratiam
683 715 935 787 nonnullam
961 714 1091 786 habea

13 860 75 909 oe·
88 860 196 937 rogo,
218 856 281 924 ut,
304 832 335 906 si
351 859 437 935 qua
451 853 624 932 peccata
646 832 891 927 invenerint,
919 833 1092 935 benigne

13 954 152 1029 cmiter
175 953 318 1053 potius
343 974 487 1027 errata
513 952 739 1057 corrigant,
767 978 891 1053 quam
912 979 977 1027 mc
1004 978 1091 1027 acer

13 1076 255 1180 astigatione
271 1075 459 1177 fatigent.
541 1110 544 1117 ·

71 1200 169 1273 lam
207 1196 335 1299 igitur
364 1199 537 1269 lectores
570 1198 625 1267 ad
656 1215 823 1297 paratas
857 1213 899 1268 et
929 1192 1091 1271 instruc·

12 1346 101 1421 tpes
122 1317 241 1417 ipsas
264 1322 518 1391 adducturus
541 1315 899 1392 commonefaciam
915 1336 956 1389 et
974 1318 1090 1390 docel

12 1444 125 1517 ribus
140 1437 372 1513 rationibus
395 1457 436 1510 et
457 1434 577 1537 signis
603 1435 935 1539 ard-singulorum
960 1440 1089 1511 locort

12 1567 237 1639 tellectum
262 1556 545 1659 adjuvandum
566 1578 693 1656 atque
713 1550 1022 1659 explanandum
1045 1584 1090 1629 us

11 1714 50 1759 n.
109 1678 258 1755 Rectis
281 1676 401 1751 literis
421 1676 573 1775 scripta
594 1700 691 1752 sunt
713 1678 850 1753 omnia
870 1677 994 1779 ipsius
1010 1678 1089 1775 Qui

11 1801 107 1879 ‚iani
127 1800 274 1891 verba,
294 1801 420 1897 paulo
438 1797 855 1875 distractioribus
878 1826 948 1891 ea,¹
963 1798 1007 1871 in
1031 1823 1089 1898 qu

14 1942 170 2027 gentes
195 1916 376 2015 imprimit
398 1939 640 1993 convertere
667 1921 802 2011 volui,
828 1920 944 1995 utin
969 1918 1089 1993 rarior

10 2064 138 2117 armas
155 2058 195 2111 et
211 2038 538 2132 constructiones,
552 2038 597 2112 in
610 2038 738 2114 verba
752 2035 859 2110 idem
868 2040 1089 2140 significant

10 2194 21 2239 ;
55 2158 260 2264 o'ppoeita,
287 2181 357 2234 aut
387 2160 537 2261 siqua
553 2160 743 2263 graviora
765 2157 880 2231 nimis
906 2163 1032 2233 latere
1059 2161 1088 2231 ei

10 2280 299 2389 rmjacentibus
343 2280 441 2356 milri
483 2282 742 2375 viderentur3
787 2302 933 2354 contra
978 2282 1088 2381 olliqi

10 2411 103 2501 ertit,
132 2426 414 2505 quaecunque
429 2408 482 2477 de
496 2429 588 2477 meo
604 2401 748 2504 adjeci,
774 2424 901 2502 atque
922 2410 1023 2476 haec
1048 2404 1088 2503 ip

9 2525 165 2607 ucellis
207 2523 365 2615 cincta,
400 2524 589 2623 quotiens
629 2549 725 2598 cum
766 2524 970 2624 scriptoris
1002 2527 1087 2601 verl

9 2669 254 2729 scerentur:
293 2644 409 2719 uncis
441 2670 541 2721 vero
573 2643 738 2738 inclusi,
769 2669 877 2744 quae
901 2645 1036 2719 'dubia
1061 2672 1086 2719 a

9 2794 149 2851 :ertae
172 2766 430 2841 auctoritatis
453 2766 712 2844 videbantur.
762 2767 977 2843 Praeterea
999 2765 1086 2869 eigil

23 2892 144 2967 notis
166 2888 410 2991 vulgaribus
431 2914 526 2962 usus
549 2893 706 2962 eumad
730 2894 932 2986 quaedam
957 2887 1087 2963 brevit

8 3014 206 3103 dicanda,
235 3009 312 3081 nisi
335 3014 449 3108 quod
468 3011 588 3085 altem
601 3009 807 3102 lectionem,
833 3009 965 3084 minus
981 3011 1085 3110 prob

8 3138 89 3205 lem
102 3137 176 3205 sed
192 3155 284 3203 non
299 3134 425 3229 plane
443 3135 797 3225 contemnendam,
823 3137 936 3233 apud
962 3134 1037 3205 me¹
1048 3158 1084 3203 u.

7 3250 225 3356 gnificabit.
277 3252 421 3330 Verbis
437 3280 463 3326 a
478 3250 731 3351 Quintiliano
746 3251 834 3353 ipso
855 3280 905 3325 ex
928 3252 1013 3327 aliis
1038 3276 1086 3323 sci

7 3371 155 3449 oribus
187 3374 324 3446 allatis
353 3372 500 3473 primas
533 3394 748 3448 auctorum
780 3375 913 3448 literas
948 3398 1085 3475 appost

7 3496 292 3569 nissis'tamen
325 3495 512 3569 omuibus
547 3492 600 3569 eis¹
630 3494 749 3590 locis,
775 3496 846 3596 qui
876 3496 920 3570 in
945 3493 1085 3597 operib

7 3620 86 3693 >bis
108 3614 285 3691 servatis
307 3619 443 3690 adhuc
471 3621 684 3720 leguntur,
719 3643 895 3718 quorum
919 3622 1085 3693 Indext

6 3766 53 3815 tm
80 3765 191 3841 opus
217 3737 442 3812 concludit.
494 3737 670 3813 Nomina
693 3763 829 3813 autem
857 3739 944 3840 ipsa
973 3740 1084 3814 illort:

6 3861 221 3961 ruptorum
243 3863 456 3959 pleraque,
494 3885 604 3960 quae
636 3860 797 3936 notiora
828 3883 943 3955 sunt,
976 3888 1050 3962 per
1080 3890 1084 3931 ι

6 3982 213 4055 beuriora
234 4004 287 4053 ex
307 3979 467 4084 integro
490 4006 630 4055 eorum
655 3982 820 4059 nomine
835 3984 878 4058 iu
894 3983 1034 4058 Indice
1048 3982 1084 4055 N

5 4098 123 4179 tinum
156 4099 422 4203 propriorum
453 4103 573 4179 facile
604 4106 827 4205 patebunt,
860 4126 908 4182 ut
932 4107 1084 4202 Casep
