2596 4866
390 382 569 449 Praeleotio
589 419 632 433 -
653 384 858 470 Praeparatio
1149 390 1214 459 083

177 556 334 624 11111511,
353 559 396 615 13,
414 554 438 609 11
454 556 507 623 jam
524 556 689 626 praejudicio
707 565 815 611 senatus
840 559 980 611 damnatus
1002 564 1075 615 estet
1098 559 1168 616 stilo
1183 561 1213 629 4,

178 634 265 746 .danla
282 642 413 751 {equam
428 626 599 703 praejudiciis
618 626 742 681 omuibus
756 643 832 680 reum
851 627 977 681 liberaret
1001 632 1027 697 0,
1054 630 1080 697 5,
1109 634 1153 685 10.
1169 633 1214 685 De

177 694 266 749 riciis
341 713 383 762 ap.
402 698 428 746 2.

177 765 247 827 ctio.
283 798 333 849 pr,
351 796 420 848 quae
438 777 468 831 in
488 780 542 831 lioc
563 777 719 846 adhibetur,
748 789 779 832 ut
802 781 882 834 facile
908 790 961 850 atq.
985 781 1109 837 distincte
1134 784 1213 853 pueri

177 868 193 901 a
211 849 296 902 oculis
314 856 472 917 sequantur,
498 848 579 900 etiarn
596 848 657 915 illa,
681 866 751 917 quaa
771 851 827 903 vim
844 853 971 931 ciuilisque
989 853 1079 918 verbi,
1101 851 1123 906 11
1141 857 1212 921 qnod

177 919 323 971 inritatum
341 918 457 980 incidat,
482 918 577 982 docet,
603 920 714 970 multum
737 918 807 970 infra
836 922 951 971 rhetoris
975 921 1093 974 officium
1119 922 1213 975 existi-

177 1004 191 1041 a
204 996 245 1041 est
256 993 282 1053 2,
291 988 317 1054 5,
332 987 358 1040 4.
375 986 414 1041 At
425 986 497 1039 enim
509 987 688 1041 emendationi
704 987 932 1057 praelectionique
947 989 996 1053 (sc.
1016 990 1211 1060 puerorum)

177 1074 221 1109 rus
238 1059 326 1110 obstat
344 1062 369 1121 1,
387 1060 413 1123 2,
432 1056 476 1109 15.

177 1145 226 1210 3⁰·
261 1149 400 1206 auctores,
424 1157 492 1209 quos
509 1141 667 1214 praelegunt
684 1144 710 1206 1,
734 1140 761 1204 5,
788 1144 829 1193 11.
865 1140 971 1209 pneris,
1003 1160 1071 1211 speia
1095 1145 1212 1200 maxime

178 1213 233 1265 ium
250 1214 338 1276 alant,
358 1219 420 1290 ¹atq.
441 1209 703 1291 animiunangeant,
726 1210 912 1330 praelegenda·
925 1215 951 1295 1,Ι
975 1213 1002 1273 8,
1027 1214 1053 1265 8.
1081 1213 1110 1266 iu
1133 1232 1213 1283 prae-

177 1282 210 1333 do
229 1287 415 1351 grammaticus
433 1288 460 1331 et
477 1281 522 1330 illa
539 1296 643 1332 nnnorn
662 1287 796 1346 praestare
835 1280 924 1331 ebebrt
942 1283 974 1331 rb.
995 1283 1037 1335 13.

177 1370 265 1434 ugus.
302 1366 381 1434 quale
400 1366 485 1417 refert
502 1362 559 1417 Cic.
583 1366 618 1418 de
640 1362 749 1418 homine
771 1365 857 1432 prael.
881 1366 908 1432 6,
931 1367 958 1432 3,
979 1364 1023 1420 67.
1050 1369 1210 1441 praelongos

177 1450 220 1487 ssa
240 1449 378 1487 sermones
400 1438 442 1501 10,
463 1436 489 1501 3,
510 1436 552 1485 32.

177 1524 264 1589 quor·
297 1528 417 1573 oratores
446 1536 491 1587 ea,
524 1534 592 1587 iprae
617 1521 650 1570 ad
676 1516 859 1570 conciliandos
893 1516 945 1571 sihi
967 1519 1087 1587 judicum
1108 1522 1211 1578 animos

177 1597 304 1659 ›spuuntar
318 1588 347 1655 4,
373 1592 451 1655 1,,2.
488 1589 522 1639 de
546 1586 643 1655 quibus
666 1586 825 1641 brevissime
851 1588 1037 1657 praelocutus,
1062 1590 1127 1659 quid
1154 1593 1211 1663 ipso

177 1676 225 1743 tm,
250 1675 305 1712 non
323 1658 417 1711 tacebo
439 1660 465 1724 5,
483 1660 525 1723 13,
543 1658 587 1710 60.
789 1680 793 1693 ¹

177 1726 389 1867 ‘ingenim
406 1740 590 1812 praemeditati
608 1738 637 1808 4,
660 1739 688 1809 5,
712 1745 738 1794 2.
762 1740 953 1810 praemeditata
977 1744 1106 1814 plerique
1129 1747 1212 1802 domo

208 1852 216 1877 ,
1045 1854 1048 1861 .

178 1881 252 1943 ium.
271 1851 350 1951 'velut
366 1913 408 1964 pr.
429 1895 529 1965 quodd.
549 1892 737 1963 amplissimum
753 1894 828 1976 longi
847 1893 1008 1963 laboris-10,
1028 1902 1099 1965 7,1.
1118 1916 1212 1953 emen.

177 1966 320 2019 dicentium
338 1975 419 2018 tenue
436 1983 478 2032 pr.
497 1972 538 2017 est
554 1966 581 2030 8,
600 1967 627 2029 3,
646 1969 677 2029 1;
702 1963 812 2030 praemii
829 1964 924 2017 medua
940 1968 967 2031 2,
984 1962 1011 2032 4,
1027 1966 1070 2020 33.
1099 1970 1212 2036 praemii

177 2052 204 2089 ra
218 2036 371 2103 impetravit
384 2034 579 2087 restitutionem
594 2033 676 2101 patris
689 2037 716 2098 7,
733 2036 758 2098 1,
771 2032 823 2097 423
841 2032 1022 2100 periculorum
1032 2052 1064 2087 ac
1075 2039 1213 2109 sanguinis

177 2122 196 2159 u
214 2104 266 2157 sibi
283 2105 376 2157 deberi
392 2121 432 2173 pr.
457 2107 499 2169 11,
519 2108 545 2172 1,
562 2104 605 2156 88.
641 2118 675 2153 an
692 2118 771 2154 omne
789 2118 829 2169 pr.
855 2102 916 2155 viro
940 2103 1004 2154 lorti
1029 2105 1145 2157 dandum
1170 2109 1213 2172 sit,

177 2175 327 2242 rprivatol
356 2178 383 2238 7,
402 2176 445 2238 10,
462 2174 487 2225 6.
507 2174 560 2224 hoc
576 2166 715 2239 proposito
735 2187 775 2238 pr.
798 2175 900 2236 12,11,
919 2174 960 2223 10.
977 2172 1046 2224 adeo
1065 2174 1212 2239 praemium

195 2244 330 2311 pretium)
349 2241 438 2295 omnia
456 2248 576 2308 spectant
597 2243 638 2305 10,
659 2245 684 2306 7,
707 2245 755 2303 17,
783 2241 814 2291 ad
834 2240 995 2292 deserendos
1012 2256 1075 2294 reos
1091 2242 1212 2308 praemio

177 2316 220 2379 12,
238 2318 265 2378 7,
283 2314 308 2365 3.
343 2309 468 2379 praemiis
487 2314 581 2373 etiam,
607 2326 675 2377 qnae
693 2307 764 2377 capit
779 2308 827 2360 illa
855 2316 943 2375 netas,
976 2319 1109 2363 evocetur
1135 2316 1161 2379 1,
1185 2317 1211 2379 1,

177 2398 290 2448 consae,
312 2381 342 2434 iu
359 2379 455 2449 quibus
473 2381 506 2431 de
523 2397 564 2446 pr.
582 2379 668 2450 agitur
684 2381 710 2444 3,
727 2379 754 2443 6,
771 2379 814 2431 85.
834 2377 866 2429 lis
893 2387 934 2430 est
954 2379 1039 2431 omnis
1057 2388 1102 2431 ant
1119 2382 1153 2434 da
1168 2397 1211 2450 pr.

177 2468 192 2503 a
210 2466 324 2519 poena
340 2452 368 2515 7,
386 2449 413 2516 4,
432 2452 457 2501 3.
491 2449 592 2515 duplex
610 2448 764 2515 conjectura
783 2448 815 2499 de
833 2447 957 2514 praemiis
975 2453 1001 2516 7,
1019 2452 1046 2515 2,
1064 2449 1108 2503 25.

177 2516 301 2585 01111101·
331 2544 435 2607 gestum
452 2533 645 2601 praemodulati
663 2537 706 2598 11,
725 2536 750 2598 3,
771 2534 831 2586 109.

177 2602 265 2669 ollio·
295 2619 478 2689 praemollitus
496 2621 585 2670 sulcus
603 2624 629 2685 2,
647 2621 672 2679 9,
689 2620 721 2683 3;
740 2616 781 2669 his
801 2616 882 2688 igitur
897 2618 972 2671 velut
988 2618 1115 2671 lomentis
1134 2637 1214 2689 prae-

177 2706 267 2759 emus,
293 2689 317 2743 si
334 2691 397 2759 quid
414 2691 466 2742 erit
483 2705 606 2756 asperum
623 2686 650 2755 4,
671 2690 696 2751 3,
716 2690 756 2739 10.
778 2688 897 2739 nondum
914 2690 1093 2755 praemollitas
1109 2700 1214 2745 mentes

177 2800 272 2893 01100.
316 2843 430 2897 anobis
447 2842 628 2910 praemonitus
645 2843 671 2907 6,
692 2846 717 2908 1,
737 2843 781 2896 39.
816 2848 847 2894 ut
864 2843 942 2897 Serv.
968 2842 1102 2911 Sulpiciae
1120 2854 1213 2900 contra

178 2915 247 3037 ίαὲῐιά
262 2931 298 2967 ue
315 2913 480 2986 signatorum
504 2915 536 2965 ab
558 2913 623 2977 ipsis
648 2911 791 2965 discrimen
813 2911 955 2979 objiciatur
974 2913 1035 2980 sibi,
1057 2926 1215 2978 praemonet

177 3022 285 3115 ioveo.
318 3074 543 3133 praemoreantur
559 3068 620 3116 dans
641 3075 701 3132 opst.
722 3066 817 3131 dudd,-
841 3067 898 3118 edd.
913 3080 1018 3121 remor.
1048 3069 1074 3135 5,
1100 3072 1154 3137 10,
1179 3068 1214 3125 57

195 3150 219 3191 et
238 3140 267 3190 S.
286 3155 312 3190 s.
330 3140 515 3191 Removeo·
542 3131 777 3200 Praemuuio.]

177 3208 269 3269 111110·
297 3236 491 3289 nonnunquam
508 3218 692 3283 propositione
706 3206 869 3282 praemuniri
886 3225 974 3281 potest
993 3234 1073 3271 causa
1085 3220 1111 3288 4,
1125 3227 1152 3289 2,
1169 3229 1213 3277 71.

177 3293 366 3358 raeparatioue
384 3289 608 3354 praemuniendaa
636 3290 817 3355 (quaestionem
840 3290 916 3340 Arne.
935 3291 961 3341 1.
977 3293 1214 3358 praemovendnel

177 3374 190 3431 t,
218 3367 260 3415 12.
302 3361 326 3413 si
347 3360 411 3429 quid
444 3358 622 3423 periculosius
646 3356 758 3409 finxisse
781 3354 940 3422 videbimur,
967 3357 1063 3426 quibus
1088 3362 1214 3415 remediis

177 3430 333 3485 runieudum
349 3438 392 3485 cst
407 3431 434 3495 8,
452 3432 479 3495 3,
498 3432 541 3481 37.

177 3502 287 3565 unitio.
306 3516 373 3585 (fig.
393 3534 436 3583 op.
460 3511 547 3581 Cic.)
567 3512 594 3579 9,
614 3515 639 3577 1,
660 3512 703 3564 30.
735 3508 944 3578 (praesumtionis
965 3512 1077 3581 species)
1094 3518 1120 3582 9,
1134 3518 1217 3583 2,17.

177 3606 271 3649 tmen·
303 3615 344 3666 pr.
364 3612 409 3655 etc.
428 3600 535 3668 propria
554 3597 633 3651 liberi
651 3603 678 3663 7,
698 3600 724 3663 3,
743 3598 786 3648 27.
804 3597 984 3660 praenominis
1001 3605 1065 3651 nola
1084 3605 1109 3666 1,
1128 3606 1155 3666 7,
1172 3603 1215 3656 29.

177 3688 246 3741 oque
262 3671 376 3739 Manlio,
394 3672 471 3739 cujus
491 3684 531 3734 pr.
549 3668 578 3721 in
596 3675 731 3731 posterum
752 3684 768 3719 e
785 3666 885 3719 familia
904 3677 1039 3720 exemtum
1052 3673 1126 3735 1113,
1135 3676 1162 3734 7,
1172 3673 1215 3722 20.

177 3754 236 3881 11οἑ
271 3757 391 3812 sterilem
419 3758 555 3823 platanum
585 3770 664 3822 quam
694 3752 817 3806 maritam
848 3754 949 3807 ulmum
980 3755 1216 3819 praeoptaverint

179 3865 189 3894 ,
236 3861 245 3880 .

177 3912 278 3976 110110·
313 3927 523 3996 (praefinitionis
539 3924 652 3995 species)
672 3930 698 3993 9,
716 3928 743 3992 2,
765 3928 797 3978 17
815 3924 851 3976 N.
878 3937 920 3987 pr.
938 3921 1127 3987 probationum
1145 3926 1171 3990 3,
1189 3924 1217 3991 9,

177 4016 209 4051 se
223 4016 272 4066 pn,
281 4014 341 4050 cum
355 4014 418 4050 reus
428 3996 525 4050 dicitur
537 3997 661 4050 robustus
676 4008 723 4048 etr.
734 3993 794 4060 4,2,
803 3996 846 4047 55.
864 3992 980 4056 optimae
992 4006 1032 4055 pr.
1045 3999 1132 4059 ansul,
1149 4010 1218 4061 quaa

177 4068 224 4121 ‚int
244 4071 275 4120 tt.
300 4069 342 4122 57.
359 4066 432 4118 utilis
450 4076 512 4121 ante
529 4064 777 4135 quaestionem
795 4078 841 4127 pr.
860 4062 887 4128 4,
907 4066 933 4127 3,
952 4064 978 4116 9.
1006 4077 1056 4127 quta
1073 4074 1113 4123 pr.
1136 4077 1217 4127 prae-

177 4138 257 4190 rudae
275 4135 445 4205 quaestiones
463 4140 490 4201 7,
510 4140 554 4202 10,
572 4139 615 4191 12.
649 4134 673 4187 11
689 4151 741 4187 res:
750 4131 952 4198 praeparatione
972 4144 1027 4181 non
1044 4139 1122 4195 egeat
1139 4131 1166 4199 4,
1190 4138 1215 4200 1,

177 4224 224 4261 um
243 4204 432 4270 expositio
447 4205 515 4273 liaeo
532 4204 641 4277 longior
657 4204 763 4267 demum
789 4218 850 4255 esse
872 4200 969 4253 debeat
987 4206 1019 4251 et
1046 4202 1128 4263 paulo
1154 4218 1218 4256 var-

177 4294 192 4331 r
208 4272 493 4343 praeparatione
508 4270 537 4343 4,
553 4278 581 4340 2,
595 4274 639 4331 70.
656 4271 824 4329 uambimus
843 4286 904 4325 cum
921 4282 962 4333 pr.
985 4269 1101 4336 quodsur
1117 4274 1152 4327 ib.
1171 4275 1216 4326 21.
