2596 4866
122 340 176 394 ιιι
586 326 819 418 prolegomena
895 308 904 401 ,’

15 474 19 489 ¹
62 584 68 599 Ι
125 502 294 578 Codices
317 502 470 601 aptabit
489 520 531 575 et
553 512 721 576 creasset
745 517 927 573 mutetur
956 498 1030 592 (cf.
1052 484 1214 575 Walcli
1243 549 1256 560 1«
1286 483 1287 486 ¹

127 625 231 697 Tac.
245 610 386 725 Agricss
396 649 436 723 p.
458 618 557 723 105).
610 620 722 720 Quin
742 618 862 693 etiam
882 618 928 693 in
951 618 1230 719 Coniuncti

128 746 364 818 Perfecto
390 744 554 820 videtur
576 747 718 816 eadem
740 739 809 815 illa
830 742 891 819 vis
904 739 1067 815 infinita
1082 744 1214 817 inesse
1227 764 1249 813 tw
1288 839 1292 844 .

123 892 172 957 J,
201 866 261 942 28.
293 866 396 939 ll'cm
424 865 606 965 quomodo
640 888 814 961 pugnum
840 862 1058 938 ineuntibus
1088 875 1153 938 tot
1179 848 1283 941 subd

129 999 253 1062 cretus
273 986 415 1060 laboris
428 1007 504 1061 etc.
528 984 826 1078 exciderint,
855 985 935 1059 uisi
950 985 993 1059 in
1016 1008 1156 1061 eorum
1169 986 1297 1062 hosis

128 1110 255 1208 pietus
279 1128 355 1184 etc.
381 1106 732 1183 successerint?
1158 1092 1161 1097 ’

510 1340 541 1397 4.
585 1330 653 1397 DE
683 1325 912 1394 FUTURO.

210 1475 428 1581 Singularis
444 1474 612 1576 quidam
626 1474 793 1567 Futuri,
819 1477 933 1575 apud
955 1469 1200 1574 scriptorem
1217 1486 1286 1549 nc*

133 1620 258 1672 strum
275 1596 463 1697 imprimis
479 1598 684 1696 frequens,
700 1620 811 1688 usus,
826 1619 954 1694 quum
962 1592 1006 1667 in
1015 1590 1287 1671 Grammaticis

132 1717 281 1791 nostris
294 1717 491 1791 immerito
508 1721 720 1819 neglectus
741 1714 811 1808 sit,
833 1714 1018 1816 pluribus
1037 1720 1091 1788 de
1113 1744 1157 1791 se
1174 1718 1289 1791 dissc-

13 1866 21 1883 ·
133 1864 223 1911 rere
244 1863 308 1912 me
328 1838 465 1940 jubet:
492 1836 652 1912 accedit
674 1833 782 1908 enim
798 1836 1002 1909 Futurum
1024 1834 1202 1940 simplex
1222 1856 1288 1941 pro

133 1979 286 2033 natura
300 1983 372 2031 sua
384 1960 568 2060 proxime
588 1962 642 2032 ad
658 1960 850 2032 Praesens
866 1956 1162 2059 Conjunctivi,
1185 1982 1290 2035 utro·

135 2105 230 2179 que,
255 2106 344 2153 non
361 2080 462 2180 quid
477 2081 538 2173 sit,
564 2085 634 2154 sed
649 2078 750 2178 quid
766 2077 852 2151 fieri
865 2077 1003 2177 possit,
1028 2077 1290 2187 significante,

134 2200 209 2274 nisi
228 2206 344 2303 quod
358 2227 433 2302 per
445 2203 649 2275 Futurum
671 2202 886 2299 loquentes
906 2197 1084 2301 singulas
1108 2203 1289 2293 actiones,

135 2348 245 2422 quae
273 2322 498 2422 aliquando
525 2323 757 2415 dabuntur,
784 2298 992 2420 spectant,
1019 2318 1065 2394 id
1087 2328 1197 2425 quod
1216 2322 1285 2395 im-

134 2442 271 2542 primis
301 2443 345 2516 in
378 2441 669 2545 praecipiendo
701 2466 751 2514 ac
781 2445 970 2514 docendo
993 2444 1144 2520 locum*
1157 2444 1288 2539 habet3

135 2588 282 2661 quum,
318 2563 390 2664 qui
414 2563 620 2638 Praesenti
643 2561 908 2659 Coniunctivi
939 2583 1146 2662 utuntur,
1179 2566 1293 2671 getic-

136 2682 275 2757 raliter
302 2706 429 2784 atque
447 2683 493 2757 in
521 2686 759 2762 universum
786 2688 1016 2784 loquendo,
1051 2684 1295 2763 dubitationi

137 2803 256 2879 etiam
290 2805 495 2881 interdum
534 2809 672 2880 locum
704 2804 951 2906 relinquant.
1021 2806 1297 2907 Quintilianus

139 2949 256 3027 ergo,
291 2932 369 3003 hae
391 2929 554 3001 illorum
578 2929 831 3027 Temporum
858 2924 1059 3002 affinitate
1082 2922 1217 3031 atque
1236 2954 1295 3005 ras·

136 3043 252 3121 tione
279 3051 445 3142 ductus,
476 3047 685 3151 permultis
706 3047 803 3122 locis
826 3049 1031 3122 Futurum
1051 3052 1083 3124 I.
1107 3050 1296 3127 adhibete

81 3260 85 3267 Ι
137 3189 227 3239 non
240 3166 456 3263 dubitavit,
473 3168 620 3270 quibus
635 3168 733 3244 locis
744 3195 796 3242 ex
807 3168 966 3273 vulgari
981 3168 1147 3247 ratione
1158 3174 1295 3277 (ἰωῇ

136 3287 312 3363 maticae
332 3288 469 3391 potius
493 3289 814 3417 Coniunctivum
832 3289 1061 3367 Praesentis
1085 3299 1293 3398 exspectn-

23 3490 27 3499 ,
136 3407 252 3483 veris.

214 3530 391 3608 Primum
410 3532 534 3638 igitur
555 3552 665 3606 amat
686 3534 890 3609 Futurum
914 3537 944 3610 Ι.
966 3534 1011 3609 in
1034 3532 1291 3612 adhortando

139 3672 212 3723 aut
233 3656 462 3756 praeceptis
485 3655 783 3757 proponendis,
815 3656 886 3731 ubi
915 3657 1012 3731 alias
1046 3656 1215 3739 solitum
1241 3648 1297 3730 'est

137 3791 213 3845 aut
236 3774 513 3877 conjunctivo
529 3777 753 3885 Praesentis
777 3800 851 3852 aut
873 3776 1180 3881 Gonjugatione
1207 3796 1296 3852 cum

136 3893 355 3995 Participio
377 3898 473 3972 Fut.
497 3904 601 3974 Pass.
625 3899 699 3992 uti,
725 3899 841 3995 cujus
864 3899 1019 4003 generis
1039 3898 1284 4003 largissima

35 4064 40 4073 ,
137 4014 299 4115 copiam
318 4023 610 4119 exemplorum
637 4020 777 4096 Cicero
810 4027 861 4095 de
897 4020 963 4098 Or.
996 4024 1034 4113 I,
1067 4012 1143 4103 54.Ι
1166 4016 1294 4093 offert.

119 4134 247 4237 Ergo
283 4137 418 4238 priore
455 4141 524 4215 illa
553 4142 713 4218 ratione
749 4169 826 4244 pro
858 4142 1138 4243 Conju'nctivo
1175 4142 1294 4215 Prae·
