2596 4866
422 278 552 365 ¹'l'estar
573 334 616 347 -
639 297 827 385 Thesaurus
1064 394 1067 401 Ι
1146 308 1209 371 897

214 472 241 542 l)
260 475 292 524 de
309 473 397 542 000011
414 475 559 526 testimonio.
584 473 616 534 a)
634 480 665 523 ut
683 488 764 537 saepe
781 480 940 525 testatur-
952 474 1104 529 Menander
1117 478 1209 546 100,

185 552 228 596 cut
249 551 360 595 testatas
384 559 443 593 sum
471 542 540 594 libro
563 540 653 609 priore
676 544 709 604 2,
729 546 761 601 2,
779 545 805 594 2.
830 542 906 609 quasi
927 542 1142 597 inclamaret
1165 556 1212 599 aut

185 621 293 664 ‚retur
314 614 419 664 locutus
438 621 479 663 est
497 616 545 675 11,
564 615 595 674 3,
614 614 673 663 172.
721 608 761 677 β)
781 631 802 662 0.
828 612 902 675 obp:
927 611 984 669 Cia.
1009 620 1116 681 amoime
1137 613 1210 669 idem

197 678 305 736 videtur
322 686 347 746 7,
359 679 386 746 4,
407 685 449 736 17.
468 682 540 748 qaod
559 681 694 732 Homerus
710 679 926 746 frequentissime
946 689 1059 733 testatur
1079 687 1121 748 12,
1139 682 1166 750 4,
1183 688 1210 739 2.

189 755 238 816 10,
255 750 281 801 4.
301 750 334 812 5,
353 752 403 817 10,
423 753 449 800 2.
474 750 547 817 quod
565 748 621 802 Cic.
639 748 760 817 pluribus
778 757 805 800 et
821 749 896 800 libris
919 757 945 800 et
963 749 1083 817 epistolis
1100 756 1212 807 testatur

185 859 191 885 ,
210 824 236 873 6.
278 819 310 885 γ)
336 837 387 887 seq.
406 824 470 870 Aac.
493 839 514 870 c.
535 816 606 880 1101..-
631 818 732 869 nullam
751 826 835 869 terras
855 818 992 885 despicere
1012 819 1211 886 prouidentiam

185 890 190 940 l
209 890 236 953 6,
253 890 297 939 Pr.
315 885 341 939 4.
362 904 392 938 se
408 896 506 954 poetae
526 904 624 939 canere
640 895 772 940 testantur
790 891 815 950 1,
830 889 857 951 8,
875 892 900 937 2.
920 904 970 938 nos
988 891 1146 943 reducturos
1166 886 1212 944 re-

185 977 191 1010 1
209 957 331 1009 ordinem
347 964 477 1008 testamur
493 958 519 1021 4,
537 961 563 1021 2,
581 958 616 1008 83
633 957 667 1008 Ν.
687 955 721 1017 cs.
742 960 784 1021 11,
805 962 829 1020 1,
850 957 876 1008 5.
901 960 941 1021 12,
963 962 987 1021 1,
1007 962 1048 1009 20Ι
1069 963 1110 1025 12,
1124 964 1151 1025 2,
1165 964 1209 1014 23.

185 1045 200 1078 0
221 1025 313 1093 primis
331 1027 482 1077 testandum
502 1033 551 1089 est,
570 1024 634 1075 nihil
653 1033 796 1092 praecepta
815 1033 867 1092 atq.
888 1034 957 1076 artes
974 1028 1075 1091 valere,
1094 1027 1145 1081 nisi
1163 1032 1212 1083 ad-

185 1105 310 1148 enatura
326 1096 369 1145 Pr.
388 1096 431 1147 26.
453 1094 487 1157 cf.
508 1099 550 1159 11,
571 1100 594 1159 1,
614 1095 665 1158 65,
689 1095 714 1145 V
717 1093 839 1163 irgiliano
857 1111 938 1146 versu
956 1103 1084 1147 testamur
1102 1108 1149 1151 etc.
1169 1103 1211 1167 10,

203 1162 360 1232 iretsuenter
377 1164 483 1231 quidem
506 1171 668 1215 testatus
686 1172 713 1214 et
729 1164 759 1215 in
776 1163 840 1230 ipsis
862 1163 941 1214 etiam
962 1164 1014 1215 illis
1033 1166 1211 1231 sermonibus,

185 1236 261 1286 »lente
278 1233 411 1301 vulgudis,
430 1235 658 1300 complexus,
676 1231 727 1285 vix
744 1262 779 1272 -
796 1248 876 1298 posse
895 1233 1006 1298 reperiri
1028 1236 1059 1297 3,
1077 1235 1103 1298 6,
1122 1236 1157 1289 68
1175 1239 1210 1290 Ν.

190 1323 225 1356 rr.
271 1297 307 1368 d)
333 1307 452 1353 Passim:
479 1312 508 1352 ut
537 1303 641 1353 Graeco
665 1316 749 1353 versu
772 1303 1123 1368 1001010100018,Ρ1.20.
1151 1322 1212 1359 cum

185 1390 204 1425 0
223 1371 403 1423 monumentis
422 1380 477 1422 tum
497 1370 607 1423 Catonis
625 1369 748 1422 oratione
764 1376 889 1427 testatam
907 1378 948 1421 est
967 1377 999 1437 2,
1020 1372 1067 1436 15,
1084 1375 1110 1425 8.
1130 1372 1165 1436 cs.
1184 1380 1210 1437 2,

224 1442 269 1505 ll)
293 1444 325 1491 de
349 1444 516 1491 testamentis.-
540 1439 562 1491 si
583 1440 778 1491 exheredatum
800 1456 816 1490 a
841 1456 871 1491 se
893 1439 977 1490 filium
1000 1450 1075 1507 pater
1099 1450 1209 1495 testatus

189 1511 278 1581 elogio
295 1515 329 1573 7,
346 1508 381 1576 4,
399 1513 442 1561 20.
460 1511 591 1599 voluntas
605 1508 726 1561 testantis
743 1513 776 1574 7,
793 1508 827 1574 6,
848 1512 889 1560 10.
907 1508 1064 1577 primipilari
1082 1512 1140 1563 seni
1157 1512 1210 1580 ja'm

185 1604 188 1625 t
209 1582 235 1644 6,
253 1583 279 1643 3,
297 1581 342 1633 92.
1184 1602 1188 1619 ¹

185 1647 287 1711 ichos·
321 1672 352 1715 ut
373 1662 487 1716 Ovidius
505 1678 543 1714 ex
560 1661 737 1715 tetrastichon
753 1660 840 1714 Macri
858 1661 977 1716 carmine
994 1662 1093 1721 librum
1110 1665 1138 1719 in
1153 1685 1211 1720 ma-

185 1744 245 1788 etas
266 1733 447 1801 composuerit
466 1734 492 1798 6,
511 1736 537 1797 3,
554 1734 590 1786 96
608 1733 643 1784 Ν.
663 1744 686 1784 er
704 1733 739 1784 N.
758 1752 795 1784 rr.

195 1820 275 1873 nidos
292 1828 386 1871 texere
406 1823 432 1881 2,
448 1818 489 1882 16,
503 1819 529 1869 6.
551 1816 775 1885 ‹pris—texendi
794 1824 876 1870 artam
895 1826 970 1885 putet
989 1822 1122 1885 2,17,3;
1146 1827 1212 1873 Par-

185 1887 347 1957 1000011100
369 1888 398 1939 in
414 1887 497 1954 Lysia
515 1885 623 1940 dicendi
644 1896 747 1941 textum
769 1896 850 1941 tenue
873 1895 927 1956 atq.
949 1904 1037 1939 rarum
1054 1890 1211 1945 laetioribus

185 1960 207 2011 is
224 1960 447 2025 corrumpendiun
464 1959 491 2023 9,
508 1954 534 2022 4,
554 1961 596 2009 17.

185 2072 190 2091 .
224 2044 346 2110 interest,
363 2043 449 2097 verba
470 2043 528 2094 aad.
548 2059 599 2110 qua
618 2041 814 2108 compositione
831 2043 878 2095 vel
895 2042 922 2093 in
940 2049 1043 2095 textu
1061 2044 1212 2117 iungantur,

200 2114 278 2166 line
300 2115 459 2166 claudantur
478 2108 560 2175 9,4,
580 2113 621 2162 13.
653 2129 677 2162 a.
699 2113 880 2163 intextus.
913 2109 1037 2177 [praeter
1055 2114 1124 2165 baec
1147 2130 1212 2167 usus

185 2182 304 2255 agoniae,
327 2191 356 2233 ut
376 2181 461 2233 tristia
480 2179 880 2232 (110001001001101111001011110
899 2189 944 2231 aut
964 2182 1050 2246 bonae
1068 2181 1108 2233 rei
1127 2184 1213 2253 gratia

185 2270 221 2305 1111
239 2253 380 2304 contrariis
397 2250 593 2322 significemus,
611 2250 682 2301 aliud
702 2258 792 2301 textu:
812 2267 881 2317 quae
895 2258 921 2300 nt
936 2250 1151 2305 enumeravimus
1164 2252 1211 2305 etc.
1232 2252 1235 2259 '

199 2326 264 2373 huna
280 2324 387 2373 nondum
406 2322 559 2372 emendatum
580 2338 611 2370 ex
632 2320 749 2371 Codicum
767 2323 876 2383 vestigiis
894 2323 931 2369 ita
947 2323 1099 2371 constituere.
1115 2326 1212 2387 ausim.-

185 2408 284 2455 remus3
302 2390 381 2442 00101
393 2387 627 2441 annumeravimus
636 2390 713 2453 haec,
725 2405 793 2455 qaiae
804 2387 827 2440 si
838 2387 897 2456 ‹pais
910 2388 1016 2457 ignorat
1025 2400 1080 2453 eta,
1091 2395 1213 2456 suspectis

184 2461 228 2513 iud
247 2468 336 2526 textu,
357 2470 381 2510 et
396 2463 433 2510 bis
450 2461 554 2509 diuersis
574 2462 634 2509 tacis
651 2462 731 2525 posito
749 2467 840 2525 specta
859 2458 956 2525 ejectis)
974 2460 1000 2522 8,
1019 2458 1045 2523 6,
1060 2462 1093 2512 57
1108 2461 1144 2511 Ν.
1162 2458 1211 2528 cn]
1247 2506 1250 2511 .

185 2550 271 2666 ttp's.2
285 2554 342 2668 0164
339 2544 397 2597 sine
420 2543 543 2596 thalamis
572 2542 655 2598 vitam
679 2560 734 2596 non
759 2542 899 2596 hominum
923 2551 997 2612 patet
1019 2546 1069 2597 sed
1092 2545 1211 2598 fenariam

186 2653 251 2747 alib·
280 2654 387 2753 1011111.
412 2701 437 2767 3,
455 2701 481 2766 6,
504 2700 536 2753 19
552 2701 588 2751 Ν.
615 2718 640 2751 a.
660 2698 876 2751 Humanitas.

187 2790 246 2833 hm·
287 2785 317 2851 l)
337 2790 453 2853 proprie:
476 2802 533 2837 nan
553 2786 625 2838 idem
641 2784 671 2837 in
690 2787 768 2850 loro,
794 2785 882 2852 00110,
909 2798 1024 2855 campo,
1039 2786 1144 2839 theatro
1164 2797 1211 2839 etc.

200 2856 344 2908 conveniat
363 2860 404 2918 11,
425 2861 450 2921 1,
467 2855 511 2908 47.
530 2855 553 2907 si
569 2872 712 2923 percussus
730 2855 764 2907 sit
781 2855 809 2906 in
828 2858 866 2906 th.
886 2865 931 2906 rte.
951 2858 977 2920 6,
997 2859 1022 2919 1,
1042 2858 1082 2909 16.
1111 2875 1136 2907 0.
1156 2855 1212 2907 Bi-

188 2924 277 2976 heca.
298 2932 443 2977 0000010111
461 2926 494 2976 da
512 2926 550 2977 th.
570 2927 603 2987 6,
625 2929 657 2992 3,
678 2930 721 2978 71.
747 2927 781 2976 de
799 2925 964 2978 aedificando
983 2926 1020 2975 th.
1040 2923 1215 2990 (consultatio)

192 2996 226 3046 28
243 3004 294 3063 sep.
324 3011 384 3045 cum
403 2997 439 3045 th.
461 2994 546 3047 veluti
562 2996 661 3060 mtodd.
680 2994 752 3044 illius
773 2993 841 3045 sacri
860 2995 986 3059 templum
1004 2993 1162 3046 vocabimus
1178 2998 1211 3045 ib.

190 3060 214 3127 l)
235 3065 267 3115 de
284 3066 479 3128 spectatoribus:
509 3072 573 3115 tunc
591 3071 632 3115 est
649 3064 872 3114 commovendum
892 3062 944 3126 th.,
965 3078 1026 3111 curn
1043 3071 1154 3114 ventum
1172 3070 1214 3115 est
1229 3064 1240 3083 “

191 3148 239 3183 ium
263 3131 328 3184 illud
346 3162 381 3172 -
397 3130 528 3184 Plaudite.
546 3133 581 3195 6,
601 3137 630 3186 1.
652 3134 694 3184 52.
720 3138 778 3182 tota
803 3144 883 3195 saepe
903 3130 941 3178 th.
963 3136 989 3179 et
1015 3142 1122 3182 omnem
1148 3129 1213 3183 circi

192 3222 197 3252 1
213 3202 379 3253 exclamasse
397 3201 509 3252 barbare
529 3204 553 3265 1,
571 3200 598 3265 6,
616 3196 659 3251 45.
679 3200 772 3251 dulces
792 3197 1000 3249 exclamationes
1017 3199 1113 3251 theatri
1134 3216 1213 3252 causa

192 3286 242 3321 ere
261 3276 302 3336 tt,
320 3273 347 3334 3,
366 3272 425 3325 179.
442 3270 558 3336 optimus
576 3269 689 3335 quisqae
705 3276 865 3335 praeceptor
883 3268 896 3316 1
900 3265 1089 3334 sequentia
1105 3268 1212 3341 gaudet,

200 3340 280 3405 jore
302 3356 331 3391 se
352 3342 396 3391 th.
419 3339 529 3410 dignum
547 3347 621 3406 putat
639 3342 664 3404 1,
682 3341 708 3398 2,
726 3338 752 3409 9.
1225 3334 1228 3341 ’

217 3424 383 3493 Chrysippus
401 3455 430 3464 -
452 3424 549 3493 oppida
568 3422 694 3476 —Fabii
713 3422 828 3474 Maximi
845 3422 931 3494 lignea
951 3423 1043 3474 thecas
1061 3437 1120 3475 esse
1136 3392 1214 3490 oppi-

207 3492 345 3561 Caesaris,
372 3493 439 3545 dixit
457 3497 483 3559 6,
501 3496 527 3559 3,
545 3494 588 3547 61.

227 3580 380 3633 scholarum
400 3580 583 3644 consuetudo,
600 3576 630 3631 10
649 3578 745 3646 quibas
763 3585 837 3629 certa
857 3578 952 3644 quaed.
970 3584 1125 3644 ponantur,
1147 3592 1217 3643 qnae

196 3666 209 3701 a
230 3650 351 3716 dicimus,
370 3659 475 3717 praeter
490 3666 559 3716 quae
581 3647 648 3699 nihil
667 3656 707 3700 est
725 3647 878 3698 diluendum
899 3644 926 3711 4,
945 3651 971 3711 2,
990 3648 1033 3699 28.
1051 3647 1119 3698 haec
1136 3661 1217 3712 supra

197 3726 218 3771 et
236 3719 342 3785 poetica
359 3722 398 3771 th.
420 3723 451 3784 2,
471 3722 517 3784 10,
536 3719 561 3771 5.
583 3717 635 3768 sint
655 3716 766 3787 grandia
786 3724 811 3768 et
829 3717 946 3781 tumida,
965 3732 1021 3767 nan
1039 3716 1118 3767 stulta
1135 3713 1215 3767 etiam

197 3788 286 3839 oribus
308 3788 394 3841 oculis
414 3787 528 3841 intuenti
555 3785 668 3839 ridicula
694 3789 726 3837 ib.
745 3788 770 3838 6.
793 3785 873 3837 etiam
898 3785 919 3836 si
945 3792 1023 3836 erunt
1048 3792 1142 3836 contra
1165 3798 1216 3834 nos

203 3858 238 3909 68
253 3858 288 3909 Ν.
309 3857 460 3909 orationum
486 3859 562 3910 velut
585 3858 837 3921 11101015,10,9.
865 3871 900 3906 00
926 3855 1003 3905 00101
1025 3861 1105 3904 extra
1127 3852 1217 3907 thema

198 3934 240 3977 tur
257 3925 285 3992 4,
303 3930 328 3991 2,
347 3927 389 3981 91.
415 3929 491 3981 velut
510 3928 626 3978 themata
644 3924 672 3976 in
691 3923 791 3978 scholis
808 3923 895 3992 posita
912 3921 1065 3974 custodiunt
1084 3926 1126 3985 12,
1144 3923 1170 3986 8,
1188 3923 1214 3982 6,

220 4012 288 4062 quae
306 3994 470 4049 in'themate
491 4011 546 4047 non
563 4003 641 4060 sunt,
658 4009 708 4062 pro
726 3994 804 4047 nobis
822 3993 943 4045 ducimus
959 3996 986 4057 7,
1003 3994 1030 4056 2,
1049 3988 1091 4044 54.
1110 3988 1139 4042 in
1155 3991 1216 4044 the·

199 4073 241 4127 st,
264 4063 379 4132 aliquem
395 4066 531 4132 postulare
552 4066 578 4130 9,
597 4070 623 4131 2,
642 4065 686 4117 85.

200 4154 261 4197 tus.
298 4150 431 4215 repositus
452 4152 489 4203 th.
507 4154 541 4214 2,
563 4154 595 4216 7,
613 4147 639 4201 4.
657 4150 735 4202 velut
752 4146 848 4199 clairsis
863 4147 901 4197 th.
920 4142 1056 4197 incubabit
1073 4147 1119 4211 10,
1139 4149 1171 4225 1,
1189 4148 1213 4197 2.

200 4236 237 4271 us
255 4219 300 4272 hic
318 4219 487 4289 elotpuentiao
506 4218 604 4271 dicitur
620 4215 764 4283 (memoria)
784 4221 825 4282 tt,
842 4220 869 4281 2,
889 4218 912 4266 1.

223 4306 310 4369 Quint.
938 4300 971 4351 57
