2596 4866
10 671 25 734 ,Ι
353 624 394 691 de
416 622 632 690 Grammatico
654 622 885 703 Quintilianee.

10 777 118 904 ieet,
160 812 352 899 quaretum
385 821 464 871 nor
493 797 722 895 interposita
757 804 956 897 afferat
983 804 1088 893 firmi

10 925 18 958 ³'
40 924 140 996 tire
168 917 440 1018 requiescit
457 914 663 1009 laborille,
689 919 767 991 stre
791 920 1087 1019 corrcoqrritu

43 1050 330 1115 maturatur
358 1036 650 1110 recordatio.
701 1036 865 1111 Deinde
887 1036 930 1111 in
953 1038 1088 1111 Aecus

52 1184 144 1231 aum
166 1156 394 1231 Infinitive:
432 1178 498 1245 12,
528 1179 592 1247 11,
616 1152 664 1227 25
692 1181 780 1246 nec,
820 1157 1007 1256 quidquid
1027 1182 1088 1229 reor

45 1280 256 1373 factum,
280 1303 327 1349 rte
343 1276 448 1368 fieri
468 1274 619 1374 quidem
635 1298 791 1371 posse,
819 1276 912 1347 loco
938 1276 1034 1347 olim
1061 1301 1082 1348 c

49 1416 134 1495 pte,
163 1400 233 1467 sed
253 1420 279 1468 a
301 1393 495 1493 Zurnptio
520 1419 572 1465 ex
594 1392 863 1465 Ambrosiano
883 1396 913 1467 1.
937 1392 1088 1467 restitut

44 1523 85 1608 4,
110 1514 161 1586 58
191 1539 312 1612 neque
340 1511 583 1586 Lucilium
608 1524 756 1609 patant
781 1513 862 1586 uti
889 1514 1020 1584 eadem
1052 1538 1088 1585 ru

40 1662 141 1719 cum
166 1634 301 1705 dicit.
353 1634 440 1704 Nec
465 1655 568 1729 opus
588 1630 755 1702 fortasse
774 1629 849 1702 erit
871 1630 1039 1705 Gesneri
1063 1656 1085 1705 e

40 1776 179 1846 cntra,
208 1776 332 1850 quarn
347 1747 560 1847 Zumptius
575 1747 748 1847 recepit,
775 1751 1019 1845 speraverint
1038 1778 1071 1843 7,

39 1898 174 1973 quum
189 1870 286 1941 olim
300 1872 521 1971 legeretur:
547 1866 847 1959 lrancfidrtciam
859 1869 1023 1966 frisso
1047 1897 1088 1942 at

40 1990 195 2067 toribus
208 1989 323 2087 falsa
338 1986 558 2086 objiciendi,
583 1988 706 2085 quod
731 1987 876 2060 laesum
899 2000 940 2062 rt
958 1989 1088 2062 rulrrrr

41 2134 160 2183 reum
176 2132 371 2205 sperare
381 2132 429 2179 re
444 2104 517 2177 hac
532 2105 679 2180 t‘rrridia
692 2108 975 2207 appu-imiposse
998 2114 1059 2201 (v.
1077 2136 1088 2183 ε

47 2225 258 2323 Capul,
269 2228 326 2315 1.).
357 2223 488 2322 Qualis
504 2225 554 2297 sit
568 2250 662 2297 usus
676 2224 893 2300 Indicativi
908 2248 1001 2325 post
1018 2227 1088 2301 Cot

50 2342 218 2419 ctiones
233 2360 272 2413 et
285 2341 489 2419 Pronomia
504 2342 695 2434 relativa,
723 2340 817 2418 vide
835 2341 878 2413 in
893 2343 1061 2418 heirico,

338 2571 367 2630 2.
410 2562 479 2630 on
508 2564 910 2662 coutuucrrvo.

114 2700 380 2775 Praesenti
402 2701 737 2805 Conjunctivi
761 2732 854 2780 oum
878 2702 1076 2779 modestia

35 2828 132 2895 dam
151 2842 193 2894 et
207 2821 365 2892 urbane
378 2821 509 2896 utitur
525 2822 726 2897 interdum
743 2824 1018 2923 Quintilianus
1042 2822 1083 2895 in

32 2937 244 3043 ponendis
260 2938 339 3012 suis
357 2940 617 3040 opinionibus
634 2964 707 3014 aut
720 2944 959 3041 praeceptis,
983 2964 1032 3016 ut
1049 2940 1084 3033 3,

38 3084 200 3133 carosam
233 3084 334 3131 neruo
370 3060 713 3157 intelligamus
744 3059 963 3152 ὑπόθεσιν,
1008 3087 1088 3157 negt

38 3182 271 3279 περίστασιν.
297 3176 334 3271 6,
351 3200 387 3269 2,
404 3174 426 3251 5
446 3179 691 3278 probationes
706 3181 805 3253 eruin
830 3179 1080 3278 efficiant

40 3310 85 3371 ut
112 3322 275 3371 causant·
298 3310 471 3371 riost-rum
492 3300 687 3373 meliorem
715 3326 792 3372 esse
809 3300 963 3397 judices
987 3312 1088 3395 puter

43 3416 107 3485 Pr.
128 3438 172 3511 19
189 3428 238 3490 at
249 3418 384 3489 eadem
397 3418 434 3490 si
445 3419 529 3517 ques
543 3418 647 3492 rolsa
669 3432 784 3520 atque
796 3423 948 3516 furata
967 3417 1088 3491 mulio

53 3546 181 3623 comat,
196 3536 431 3631 foedissima
446 3538 520 3609 siu
531 3550 549 3611 t
562 3539 644 3635 ipso
652 3542 814 3635 formae
832 3536 960 3609 labore
976 3565 1028 3625 xv.
1047 3537 1088 3609 St

50 3674 83 3745 2,
112 3676 170 3743 ις,
193 3656 240 3725 28
264 3655 333 3753 qui
344 3658 578 3755 freq-uenter
599 3648 640 3729 iri
663 3657 735 3730 lior
758 3658 884 3754 rfpsum
897 3656 1077 3754 fallendi

46 3796 88 3845 ue
102 3785 246 3846 errent.
297 3776 423 3846 Hunc
441 3775 643 3875 scriptoris
659 3776 787 3849 nostri
804 3801 954 3848 rnorem
971 3776 1086 3847 obser

47 3890 124 3967 visa
155 3914 218 3965 est
245 3888 342 3964 mihi
382 3892 577 3969 Codicum
611 3888 733 3969 lectio
764 3899 960 3967 tutandas
1002 3900 1047 3985 lt,
1078 3889 1088 3965 ἕ

10 4049 18 4109 3
51 4010 157 4099 Quod
170 4036 265 4084 saue-
281 4011 321 4084 irt
333 4024 450 4108 parto
468 4038 601 4087 rerum
615 4027 682 4105 est,
706 4025 746 4086 et
758 4013 826 4086 illa
843 4013 1022 4112 sequenti,
1048 4013 1086 4083 si

10 4123 19 4212 ζ,
47 4126 291 4206 indubitabile
308 4143 382 4223 est,
409 4132 476 4208 sit
494 4133 791 4224 celeriteratem,
817 4130 1002 4232 quumvis
1024 4150 1088 4209 ont

11 4301 16 4312 .
48 4246 299 4351 Spaldingius
316 4278 404 4325 ciera
419 4250 637 4351 receperit,
662 4272 703 4323 et
716 4251 929 4351 Zumptius
945 4264 994 4325 ut
1011 4275 1085 4348 req

11 4365 15 4374 ’
113 4366 1088 4471 ImperfectumConjunctivipaucislocit

51 4488 126 4563 dem
143 4488 257 4561 illam
274 4490 494 4563 modestiae
508 4492 733 4590 logernnon
750 4494 872 4562 modo
884 4484 1000 4587 sequi
1015 4489 1084 4559 sed

649 4606 652 4611 ’
838 4610 946 4656 esses
