<?xml version="1.0" encoding="UTF-8"?>
<!DOCTYPE html PUBLIC "-//W3C//DTD XHTML 1.0 Transitional//EN"
    "http://www.w3.org/TR/xhtml1/DTD/xhtml1-transitional.dtd">
<html xmlns="http://www.w3.org/1999/xhtml" xml:lang="en" lang="en">
 <head>
  <title>
</title>
<meta http-equiv="Content-Type" content="text/html;charset=utf-8" />
  <meta name='ocr-system' content='tesseract 3.04.00' />
  <meta name='ocr-capabilities' content='ocr_page ocr_carea ocr_par ocr_line ocrx_word'/>
</head>
<body>
  <div class='ocr_page' id='page_1' title='image "./mfabiiquintilia01bonngoog_0035.png"; bbox 0 0 2596 4866; ppageno 0'>
   <div class='ocr_carea' id='block_1_1' title="bbox 374 560 906 643">
    <p class='ocr_par' dir='ltr' id='par_1_1' title="bbox 374 560 906 643">
     <span class='ocr_line' id='line_1_1' title="bbox 374 560 906 643; baseline 0 -12"><span class='ocrx_word' id='word_1_1' title='bbox 374 569 416 631; x_wconf 84' lang='lat' dir='ltr'><strong>de</strong></span> <span class='ocrx_word' id='word_1_2' title='bbox 438 564 652 631; x_wconf 73' lang='lat' dir='ltr'><strong>Grammatico</strong></span> <span class='ocrx_word' id='word_1_3' title='bbox 674 560 906 643; x_wconf 80' lang='lat' dir='ltr'><strong>Quintilianea.</strong></span> 
     </span>
    </p>
   </div>
   <div class='ocr_carea' id='block_1_2' title="bbox 10 734 1088 2173">
    <p class='ocr_par' dir='ltr' id='par_1_2' title="bbox 10 734 1088 2173">
     <span class='ocr_line' id='line_1_2' title="bbox 45 734 1088 849; baseline -0.009 -24"><span class='ocrx_word' id='word_1_4' title='bbox 45 774 143 849; x_wconf 70' lang='lat' dir='ltr'><strong>geme</strong></span> <span class='ocrx_word' id='word_1_5' title='bbox 165 738 556 845; x_wconf 76' lang='lat' dir='ltr'><strong>supplicandum</strong></span> <span class='ocrx_word' id='word_1_6' title='bbox 576 746 650 811; x_wconf 76' lang='lat' dir='ltr'><strong>est</strong></span> <span class='ocrx_word' id='word_1_7' title='bbox 668 741 704 828; x_wconf 74' lang='lat' dir='ltr'><strong>l,</strong></span> <span class='ocrx_word' id='word_1_8' title='bbox 721 758 756 831; x_wconf 85' lang='lat'><strong>2,</strong></span> <span class='ocrx_word' id='word_1_9' title='bbox 776 734 834 813; x_wconf 77' lang='lat'><strong>26.</strong></span> <span class='ocrx_word' id='word_1_10' title='bbox 861 740 1032 837; x_wconf 68' lang='lat' dir='ltr'><strong>quotiens</strong></span> <span class='ocrx_word' id='word_1_11' title='bbox 1045 770 1088 821; x_wconf 78' lang='lat' dir='ltr'><strong>no</strong></span> 
     </span>
     <span class='ocr_line' id='line_1_3' title="bbox 49 854 1088 973; baseline -0.008 -26"><span class='ocrx_word' id='word_1_12' title='bbox 49 868 332 973; x_wconf 71' lang='lat' dir='ltr'><strong>pellendum</strong></span> <span class='ocrx_word' id='word_1_13' title='bbox 354 873 510 939; x_wconf 77' lang='lat' dir='ltr'><strong>tantum</strong></span> <span class='ocrx_word' id='word_1_14' title='bbox 527 859 627 933; x_wconf 70' lang='lat' dir='ltr'><strong>erit</strong></span> <span class='ocrx_word' id='word_1_15' title='bbox 643 859 805 952; x_wconf 64' lang='lat' dir='ltr'><strong>crimen,</strong></span> <span class='ocrx_word' id='word_1_16' title='bbox 820 854 900 934; x_wconf 67' lang='lat' dir='ltr'><strong>&#39;sed</strong></span> <span class='ocrx_word' id='word_1_17' title='bbox 919 863 1035 939; x_wconf 72' lang='lat' dir='ltr'><strong>eteitm</strong></span> <span class='ocrx_word' id='word_1_18' title='bbox 1061 879 1088 942; x_wconf 82' lang='lat' dir='ltr'><strong>t:</strong></span> 
     </span>
     <span class='ocr_line' id='line_1_4' title="bbox 49 977 1088 1091; baseline -0.005 -25"><span class='ocrx_word' id='word_1_19' title='bbox 49 988 315 1091; x_wconf 76' lang='lat' dir='ltr'><strong>ferendum</strong></span> <span class='ocrx_word' id='word_1_20' title='bbox 343 984 467 1075; x_wconf 73' lang='lat' dir='ltr'><strong>eric,</strong></span> <span class='ocrx_word' id='word_1_21' title='bbox 510 1005 608 1082; x_wconf 89' lang='lat' dir='ltr'><strong>quos</strong></span> <span class='ocrx_word' id='word_1_22' title='bbox 638 977 800 1079; x_wconf 88' lang='lat' dir='ltr'><strong>quidem</strong></span> <span class='ocrx_word' id='word_1_23' title='bbox 833 984 1040 1083; x_wconf 86' lang='lat' dir='ltr'><strong>Partioipii</strong></span> <span class='ocrx_word' id='word_1_24' title='bbox 1070 990 1088 1061; x_wconf 83' lang='lat'>1</span> 
     </span>
     <span class='ocr_line' id='line_1_5' title="bbox 10 1100 1088 1204; baseline -0.005 -17"><span class='ocrx_word' id='word_1_25' title='bbox 10 1143 18 1158; x_wconf 90' lang='lat'>·</span> <span class='ocrx_word' id='word_1_26' title='bbox 57 1116 169 1187; x_wconf 83' lang='lat' dir='ltr'><strong>locos</strong></span> <span class='ocrx_word' id='word_1_27' title='bbox 186 1131 353 1185; x_wconf 81' lang='lat' dir='ltr'><strong>tantum</strong></span> <span class='ocrx_word' id='word_1_28' title='bbox 376 1125 547 1204; x_wconf 84' lang='lat' dir='ltr'><strong>propter</strong></span> <span class='ocrx_word' id='word_1_29' title='bbox 565 1100 781 1203; x_wconf 89' lang='lat' dir='ltr'><strong>repetitum</strong></span> <span class='ocrx_word' id='word_1_30' title='bbox 798 1104 976 1181; x_wconf 80' lang='lat' dir='ltr'><strong>Verbum</strong></span> <span class='ocrx_word' id='word_1_31' title='bbox 1001 1108 1088 1183; x_wconf 85' lang='lat' dir='ltr'><strong>subs</strong></span> 
     </span>
     <span class='ocr_line' id='line_1_6' title="bbox 10 1217 597 1310; baseline -0.02 -1"><span class='ocrx_word' id='word_1_32' title='bbox 10 1217 33 1242; x_wconf 60' lang='lat'>⁵</span> <span class='ocrx_word' id='word_1_33' title='bbox 64 1226 152 1310; x_wconf 79' lang='lat' dir='ltr'><strong>vum</strong></span> <span class='ocrx_word' id='word_1_34' title='bbox 174 1222 597 1307; x_wconf 77' lang='lat' dir='ltr'><strong>commemoravimus·</strong></span> 
     </span>
     <span class='ocr_line' id='line_1_7' title="bbox 15 1342 1084 1447; baseline 0.003 -26"><span class='ocrx_word' id='word_1_35' title='bbox 15 1402 37 1421; x_wconf 87' lang='lat'>.</span> <span class='ocrx_word' id='word_1_36' title='bbox 148 1354 330 1427; x_wconf 84' lang='lat' dir='ltr'><strong>Formas</strong></span> <span class='ocrx_word' id='word_1_37' title='bbox 345 1342 655 1446; x_wconf 87' lang='lat' dir='ltr'><strong>Participiorum</strong></span> <span class='ocrx_word' id='word_1_38' title='bbox 670 1365 902 1447; x_wconf 82' lang='lat' dir='ltr'><strong>pugnantes</strong></span> <span class='ocrx_word' id='word_1_39' title='bbox 917 1371 1008 1423; x_wconf 85' lang='lat' dir='ltr'><strong>cum</strong></span> <span class='ocrx_word' id='word_1_40' title='bbox 1025 1348 1084 1441; x_wconf 88' lang='lat' dir='ltr'><strong>iis,</strong></span> 
     </span>
     <span class='ocr_line' id='line_1_8' title="bbox 10 1464 1088 1579; baseline -0.005 -29"><span class='ocrx_word' id='word_1_41' title='bbox 10 1528 17 1568; x_wconf 62' lang='lat'><strong>·‚</strong></span> <span class='ocrx_word' id='word_1_42' title='bbox 59 1479 176 1579; x_wconf 84' lang='lat' dir='ltr'><strong>vulgo</strong></span> <span class='ocrx_word' id='word_1_43' title='bbox 193 1475 445 1561; x_wconf 87' lang='lat' dir='ltr'><strong>traduntur,</strong></span> <span class='ocrx_word' id='word_1_44' title='bbox 472 1464 768 1541; x_wconf 83' lang='lat' dir='ltr'><strong>animadverte:</strong></span> <span class='ocrx_word' id='word_1_45' title='bbox 787 1480 970 1567; x_wconf 59' lang='lat' dir='ltr'><strong>materno</strong></span> <span class='ocrx_word' id='word_1_46' title='bbox 996 1500 1051 1566; x_wconf 89' lang='lat'><strong>11,</strong></span> <span class='ocrx_word' id='word_1_47' title='bbox 1073 1472 1088 1545; x_wconf 74' lang='grc' dir='ltr'>Ξ</span> 
     </span>
     <span class='ocr_line' id='line_1_9' title="bbox 10 1586 1086 1690; baseline 0.011 -32"><span class='ocrx_word' id='word_1_48' title='bbox 10 1637 14 1658; x_wconf 73' lang='grc'><strong>.</strong></span> <span class='ocrx_word' id='word_1_49' title='bbox 56 1620 91 1671; x_wconf 88' lang='lat' dir='ltr'><strong>et</strong></span> <span class='ocrx_word' id='word_1_50' title='bbox 115 1600 155 1671; x_wconf 83' lang='lat' dir='ltr'><strong>in</strong></span> <span class='ocrx_word' id='word_1_51' title='bbox 179 1596 320 1669; x_wconf 69' lang='lat' dir='ltr'><strong>dolo-re</strong></span> <span class='ocrx_word' id='word_1_52' title='bbox 331 1588 556 1690; x_wconf 61' lang='lat' dir='ltr'><strong>sarriendo</strong></span> <span class='ocrx_word' id='word_1_53' title='bbox 572 1614 606 1683; x_wconf 87' lang='lat'><strong>7,</strong></span> <span class='ocrx_word' id='word_1_54' title='bbox 623 1592 658 1681; x_wconf 83' lang='lat'><strong>5,</strong></span> <span class='ocrx_word' id='word_1_55' title='bbox 677 1586 757 1682; x_wconf 68' lang='lat'><strong>34,</strong></span> <span class='ocrx_word' id='word_1_56' title='bbox 780 1587 970 1664; x_wconf 86' lang='lat' dir='ltr'><strong>inusitata</strong></span> <span class='ocrx_word' id='word_1_57' title='bbox 985 1597 1086 1671; x_wconf 86' lang='lat' dir='ltr'><strong>haec</strong></span> 
     </span>
     <span class='ocr_line' id='line_1_10' title="bbox 56 1708 1088 1817; baseline -0.009 -25"><span class='ocrx_word' id='word_1_58' title='bbox 56 1715 360 1817; x_wconf 81' lang='lat' dir='ltr'><strong>Quintilianum</strong></span> <span class='ocrx_word' id='word_1_59' title='bbox 395 1710 537 1810; x_wconf 89' lang='lat' dir='ltr'><strong>itaque</strong></span> <span class='ocrx_word' id='word_1_60' title='bbox 576 1712 644 1787; x_wconf 84' lang='lat' dir='ltr'><strong>vel</strong></span> <span class='ocrx_word' id='word_1_61' title='bbox 677 1708 761 1782; x_wconf 89' lang='lat' dir='ltr'><strong>sine</strong></span> <span class='ocrx_word' id='word_1_62' title='bbox 799 1710 1041 1809; x_wconf 86' lang='lat' dir='ltr'><strong>Codioibus,</strong></span> <span class='ocrx_word' id='word_1_63' title='bbox 1085 1756 1088 1783; x_wconf 72' lang='lat'>1</span> 
     </span>
     <span class='ocr_line' id='line_1_11' title="bbox 55 1829 1088 1933; baseline -0.002 -19"><span class='ocrx_word' id='word_1_64' title='bbox 55 1840 124 1915; x_wconf 89' lang='lat' dir='ltr'><strong>bus</strong></span> <span class='ocrx_word' id='word_1_65' title='bbox 148 1842 324 1912; x_wconf 84' lang='lat' dir='ltr'><strong>fortasse</strong></span> <span class='ocrx_word' id='word_1_66' title='bbox 342 1839 383 1907; x_wconf 91' lang='lat' dir='ltr'><strong>h.</strong></span> <span class='ocrx_word' id='word_1_67' title='bbox 405 1836 431 1908; x_wconf 92' lang='lat' dir='ltr'><strong>l.</strong></span> <span class='ocrx_word' id='word_1_68' title='bbox 452 1829 722 1933; x_wconf 81' lang='lat' dir='ltr'><strong>negligentius</strong></span> <span class='ocrx_word' id='word_1_69' title='bbox 744 1831 919 1926; x_wconf 85' lang='lat' dir='ltr'><strong>collatis,</strong></span> <span class='ocrx_word' id='word_1_70' title='bbox 948 1844 1088 1912; x_wconf 84' lang='lat' dir='ltr'><strong>emend</strong></span> 
     </span>
     <span class='ocr_line' id='line_1_12' title="bbox 52 1952 1088 2057; baseline -0.009 -20"><span class='ocrx_word' id='word_1_71' title='bbox 52 1955 345 2057; x_wconf 84' lang='lat' dir='ltr'><strong>Participia</strong></span> <span class='ocrx_word' id='word_1_72' title='bbox 377 1952 558 2051; x_wconf 88' lang='lat' dir='ltr'><strong>denique</strong></span> <span class='ocrx_word' id='word_1_73' title='bbox 587 1954 1014 2052; x_wconf 86' lang='lat' dir='ltr'><strong>Depo&#39;nentium</strong></span> <span class='ocrx_word' id='word_1_74' title='bbox 1052 1962 1088 2033; x_wconf 69' lang='grc' dir='ltr'><strong>Ρ.</strong></span> 
     </span>
     <span class='ocr_line' id='line_1_13' title="bbox 56 2072 1088 2173; baseline -0.006 -15"><span class='ocrx_word' id='word_1_75' title='bbox 56 2106 179 2159; x_wconf 84' lang='lat' dir='ltr'><strong>sensu</strong></span> <span class='ocrx_word' id='word_1_76' title='bbox 204 2076 479 2153; x_wconf 88' lang='lat' dir='ltr'><strong>inveniuntur</strong></span> <span class='ocrx_word' id='word_1_77' title='bbox 505 2078 627 2147; x_wconf 86' lang='lat' dir='ltr'><strong>haec:</strong></span> <span class='ocrx_word' id='word_1_78' title='bbox 660 2076 856 2149; x_wconf 81' lang='lat' dir='ltr'><strong>demensus</strong></span> <span class='ocrx_word' id='word_1_79' title='bbox 878 2072 920 2169; x_wconf 87' lang='lat'><strong>5,</strong></span> <span class='ocrx_word' id='word_1_80' title='bbox 947 2102 1010 2173; x_wconf 78' lang='grc' dir='ltr'><strong>ιο,</strong></span> <span class='ocrx_word' id='word_1_81' title='bbox 1039 2105 1088 2155; x_wconf 68' lang='lat' dir='ltr'><strong>rs,</strong></span> 
     </span>
    </p>
   </div>
   <div class='ocr_carea' id='block_1_3' title="bbox 55 2193 1077 2415">
    <p class='ocr_par' dir='ltr' id='par_1_3' title="bbox 55 2193 1077 2415">
     <span class='ocr_line' id='line_1_14' title="bbox 55 2193 1077 2301; baseline 0.063 -86"><span class='ocrx_word' id='word_1_82' title='bbox 55 2209 216 2281; x_wconf 60' lang='lat' dir='ltr'><strong>mm,</strong></span> <span class='ocrx_word' id='word_1_83' title='bbox 239 2220 286 2293; x_wconf 56' lang='lat'><strong>9,</strong></span> <span class='ocrx_word' id='word_1_84' title='bbox 307 2206 350 2291; x_wconf 62' lang='lat'><strong>4,</strong></span> <span class='ocrx_word' id='word_1_85' title='bbox 368 2220 427 2301; x_wconf 75' lang='lat'><strong>²7·</strong></span> <span class='ocrx_word' id='word_1_86' title='bbox 451 2196 628 2271; x_wconf 63' lang='lat' dir='ltr'><strong>unitatur</strong></span> <span class='ocrx_word' id='word_1_87' title='bbox 652 2220 717 2290; x_wconf 89' lang='lat'><strong>11,</strong></span> <span class='ocrx_word' id='word_1_88' title='bbox 739 2194 784 2291; x_wconf 73' lang='grc' dir='ltr'><strong>ὅ,</strong></span> <span class='ocrx_word' id='word_1_89' title='bbox 805 2193 865 2269; x_wconf 84' lang='lat'><strong>61.</strong></span> <span class='ocrx_word' id='word_1_90' title='bbox 894 2204 1077 2299; x_wconf 64' lang='lat' dir='ltr'><strong>coeffessis</strong></span> 
     </span>
     <span class='ocr_line' id='line_1_15' title="bbox 70 2318 273 2415; baseline 0.039 -31"><span class='ocrx_word' id='word_1_91' title='bbox 70 2348 112 2415; x_wconf 83' lang='lat'><strong>1,</strong></span> <span class='ocrx_word' id='word_1_92' title='bbox 138 2318 184 2413; x_wconf 83' lang='lat'><strong>5,</strong></span> <span class='ocrx_word' id='word_1_93' title='bbox 211 2318 273 2394; x_wconf 87' lang='grc'><strong>58.</strong></span> 
     </span>
    </p>
   </div>
   <div class='ocr_carea' id='block_1_4' title="bbox 111 2590 1088 2793">
    <p class='ocr_par' dir='ltr' id='par_1_4' title="bbox 111 2590 1088 2793">
     <span class='ocr_line' id='line_1_16' title="bbox 111 2590 1088 2685; baseline -0.002 -10"><span class='ocrx_word' id='word_1_94' title='bbox 111 2598 182 2675; x_wconf 86' lang='grc'><strong>111.</strong></span> <span class='ocrx_word' id='word_1_95' title='bbox 232 2596 311 2671; x_wconf 77' lang='grc' dir='ltr'><strong>ΒΕ</strong></span> <span class='ocrx_word' id='word_1_96' title='bbox 335 2590 555 2669; x_wconf 64' lang='lat' dir='ltr'><strong>foelus</strong></span> <span class='ocrx_word' id='word_1_97' title='bbox 580 2591 658 2667; x_wconf 68' lang='lat' dir='ltr'><strong>El*</strong></span> <span class='ocrx_word' id='word_1_98' title='bbox 684 2592 796 2668; x_wconf 80' lang='lat' dir='ltr'><strong>USU</strong></span> <span class='ocrx_word' id='word_1_99' title='bbox 821 2594 1088 2685; x_wconf 75' lang='lat' dir='ltr'><em>QUARUM).</em></span> 
     </span>
     <span class='ocr_line' id='line_1_17' title="bbox 343 2711 938 2793; baseline 0.005 -4"><span class='ocrx_word' id='word_1_100' title='bbox 343 2713 453 2789; x_wconf 72' lang='lat'><em>01211</em></span> <span class='ocrx_word' id='word_1_101' title='bbox 461 2711 647 2788; x_wconf 77' lang='lat' dir='ltr'><em>TIONIS</em></span> <span class='ocrx_word' id='word_1_102' title='bbox 672 2716 938 2793; x_wconf 77' lang='lat' dir='ltr'><em>PARTIUM.</em></span> 
     </span>
    </p>
   </div>
   <div class='ocr_carea' id='block_1_5' title="bbox 406 2899 873 2973">
    <p class='ocr_par' dir='ltr' id='par_1_5' title="bbox 406 2899 873 2973">
     <span class='ocr_line' id='line_1_18' title="bbox 406 2899 873 2973; baseline 0.011 -6"><span class='ocrx_word' id='word_1_103' title='bbox 406 2908 436 2967; x_wconf 84' lang='lat'><strong>1.</strong></span> <span class='ocrx_word' id='word_1_104' title='bbox 479 2899 544 2967; x_wconf 85' lang='lat' dir='ltr'><strong>DE</strong></span> <span class='ocrx_word' id='word_1_105' title='bbox 565 2900 873 2973; x_wconf 79' lang='lat' dir='ltr'><strong>ADJEC&#39;l’lVO.</strong></span> 
     </span>
    </p>
   </div>
   <div class='ocr_carea' id='block_1_6' title="bbox 10 3042 1088 4360">
    <p class='ocr_par' dir='ltr' id='par_1_6' title="bbox 49 3042 1088 3267">
     <span class='ocr_line' id='line_1_19' title="bbox 158 3042 1088 3151; baseline 0.004 -31"><span class='ocrx_word' id='word_1_106' title='bbox 158 3054 205 3142; x_wconf 82' lang='lat' dir='ltr'><strong>a)</strong></span> <span class='ocrx_word' id='word_1_107' title='bbox 242 3049 318 3120; x_wconf 90' lang='lat' dir='ltr'><strong>De</strong></span> <span class='ocrx_word' id='word_1_108' title='bbox 345 3042 580 3121; x_wconf 85' lang='lat' dir='ltr'><strong>Positivo.</strong></span> <span class='ocrx_word' id='word_1_109' title='bbox 641 3044 679 3119; x_wconf 88' lang='lat' dir='ltr'><strong>Si</strong></span> <span class='ocrx_word' id='word_1_110' title='bbox 706 3049 913 3122; x_wconf 87' lang='lat' dir='ltr'><strong>ducuntur</strong></span> <span class='ocrx_word' id='word_1_111' title='bbox 942 3047 1088 3151; x_wconf 81' lang='lat' dir='ltr'><strong>Adjeut</strong></span> 
     </span>
     <span class='ocr_line' id='line_1_20' title="bbox 49 3162 1088 3267; baseline -0.007 -18"><span class='ocrx_word' id='word_1_112' title='bbox 49 3170 301 3253; x_wconf 89' lang='lat' dir='ltr'><strong>Nominibus</strong></span> <span class='ocrx_word' id='word_1_113' title='bbox 323 3162 497 3264; x_wconf 88' lang='lat' dir='ltr'><strong>propriis</strong></span> <span class='ocrx_word' id='word_1_114' title='bbox 519 3169 571 3239; x_wconf 88' lang='lat' dir='ltr'><strong>ad</strong></span> <span class='ocrx_word' id='word_1_115' title='bbox 591 3192 716 3267; x_wconf 91' lang='lat' dir='ltr'><strong>opera</strong></span> <span class='ocrx_word' id='word_1_116' title='bbox 731 3168 898 3267; x_wconf 84' lang='lat' dir='ltr'><strong>publiea</strong></span> <span class='ocrx_word' id='word_1_117' title='bbox 916 3195 966 3243; x_wconf 84' lang='lat' dir='ltr'><strong>ex</strong></span> <span class='ocrx_word' id='word_1_118' title='bbox 982 3194 1088 3245; x_wconf 71' lang='lat' dir='ltr'><strong>auct«</strong></span> 
     </span>
    </p>

    <p class='ocr_par' dir='ltr' id='par_1_7' title="bbox 10 3286 1088 3754">
     <span class='ocr_line' id='line_1_21' title="bbox 10 3286 1088 3391; baseline -0.006 -18"><span class='ocrx_word' id='word_1_119' title='bbox 10 3368 12 3373; x_wconf 89' lang='lat'><em>.</em></span> <span class='ocrx_word' id='word_1_120' title='bbox 55 3320 199 3371; x_wconf 82' lang='lat' dir='ltr'><strong>eorum</strong></span> <span class='ocrx_word' id='word_1_121' title='bbox 216 3286 504 3391; x_wconf 82' lang='lat' dir='ltr'><strong>significanda,</strong></span> <span class='ocrx_word' id='word_1_122' title='bbox 529 3287 723 3361; x_wconf 87' lang='lat' dir='ltr'><strong>usitatum</strong></span> <span class='ocrx_word' id='word_1_123' title='bbox 744 3314 830 3363; x_wconf 92' lang='lat' dir='ltr'><strong>non</strong></span> <span class='ocrx_word' id='word_1_124' title='bbox 854 3310 931 3384; x_wconf 88' lang='lat' dir='ltr'><strong>est,</strong></span> <span class='ocrx_word' id='word_1_125' title='bbox 954 3294 1088 3367; x_wconf 73' lang='lat' dir='ltr'><strong>flectes</strong></span> 
     </span>
     <span class='ocr_line' id='line_1_22' title="bbox 61 3406 1088 3512; baseline 0 -23"><span class='ocrx_word' id='word_1_126' title='bbox 61 3442 152 3489; x_wconf 85' lang='lat' dir='ltr'><strong>men</strong></span> <span class='ocrx_word' id='word_1_127' title='bbox 171 3414 279 3487; x_wconf 84' lang='lat' dir='ltr'><strong>illud</strong></span> <span class='ocrx_word' id='word_1_128' title='bbox 300 3408 344 3481; x_wconf 92' lang='lat' dir='ltr'><strong>in</strong></span> <span class='ocrx_word' id='word_1_129' title='bbox 366 3406 592 3479; x_wconf 84' lang='lat' dir='ltr'><strong>derivatam</strong></span> <span class='ocrx_word' id='word_1_130' title='bbox 614 3408 791 3508; x_wconf 89' lang='lat' dir='ltr'><strong>aliquam</strong></span> <span class='ocrx_word' id='word_1_131' title='bbox 811 3409 1018 3512; x_wconf 87' lang='lat' dir='ltr'><strong>Adjectivi</strong></span> <span class='ocrx_word' id='word_1_132' title='bbox 1037 3417 1088 3489; x_wconf 77' lang='lat' dir='ltr'><strong>fo]</strong></span> 
     </span>
     <span class='ocr_line' id='line_1_23' title="bbox 68 3524 1088 3636; baseline -0.002 -26"><span class='ocrx_word' id='word_1_133' title='bbox 68 3538 135 3611; x_wconf 83' lang='lat' dir='ltr'><strong>sed</strong></span> <span class='ocrx_word' id='word_1_134' title='bbox 153 3560 202 3607; x_wconf 83' lang='lat' dir='ltr'><strong>ex</strong></span> <span class='ocrx_word' id='word_1_135' title='bbox 224 3528 402 3607; x_wconf 89' lang='lat' dir='ltr'><strong>Nomine</strong></span> <span class='ocrx_word' id='word_1_136' title='bbox 423 3526 509 3627; x_wconf 89' lang='lat' dir='ltr'><strong>ipso</strong></span> <span class='ocrx_word' id='word_1_137' title='bbox 535 3526 746 3603; x_wconf 90' lang='lat' dir='ltr'><strong>immutato</strong></span> <span class='ocrx_word' id='word_1_138' title='bbox 769 3524 929 3605; x_wconf 84' lang='lat' dir='ltr'><strong>efficere</strong></span> <span class='ocrx_word' id='word_1_139' title='bbox 945 3532 1088 3636; x_wconf 74' lang='lat' dir='ltr'><strong>Adject</strong></span> 
     </span>
     <span class='ocr_line' id='line_1_24' title="bbox 62 3645 1065 3754; baseline -0.001 -23"><span class='ocrx_word' id='word_1_140' title='bbox 62 3658 170 3733; x_wconf 74' lang='lat' dir='ltr'><strong>siem</strong></span> <span class='ocrx_word' id='word_1_141' title='bbox 195 3679 255 3748; x_wconf 84' lang='lat'><strong>12,</strong></span> <span class='ocrx_word' id='word_1_142' title='bbox 282 3645 326 3744; x_wconf 82' lang='lat'><strong>5,</strong></span> <span class='ocrx_word' id='word_1_143' title='bbox 351 3648 387 3721; x_wconf 87' lang='grc'><strong>6.</strong></span> <span class='ocrx_word' id='word_1_144' title='bbox 416 3648 573 3723; x_wconf 78' lang='lat' dir='ltr'><strong>basilica</strong></span> <span class='ocrx_word' id='word_1_145' title='bbox 606 3651 735 3742; x_wconf 68' lang='lat' dir='ltr'><strong>Iulia,</strong></span> <span class='ocrx_word' id='word_1_146' title='bbox 769 3676 818 3725; x_wconf 88' lang='lat' dir='ltr'><strong>ac</strong></span> <span class='ocrx_word' id='word_1_147' title='bbox 852 3678 973 3754; x_wconf 87' lang='lat' dir='ltr'><strong>saepe</strong></span> <span class='ocrx_word' id='word_1_148' title='bbox 1002 3656 1065 3731; x_wconf 72' lang='lat' dir='ltr'><strong>lea</strong></span> 
     </span>
    </p>

    <p class='ocr_par' dir='ltr' id='par_1_8' title="bbox 10 3770 1088 4360">
     <span class='ocr_line' id='line_1_25' title="bbox 10 3770 1084 3877; baseline -0.001 -23"><span class='ocrx_word' id='word_1_149' title='bbox 10 3832 14 3877; x_wconf 80' lang='lat'><em>÷</em></span> <span class='ocrx_word' id='word_1_150' title='bbox 63 3778 227 3855; x_wconf 67' lang='lat' dir='ltr'><strong>ela-ndu</strong></span> <span class='ocrx_word' id='word_1_151' title='bbox 256 3798 334 3849; x_wconf 87' lang='lat' dir='ltr'><strong>etc.</strong></span> <span class='ocrx_word' id='word_1_152' title='bbox 366 3770 446 3845; x_wconf 86' lang='lat' dir='ltr'><strong>diei</strong></span> <span class='ocrx_word' id='word_1_153' title='bbox 471 3774 584 3847; x_wconf 89' lang='lat' dir='ltr'><strong>solet.</strong></span> <span class='ocrx_word' id='word_1_154' title='bbox 641 3774 733 3847; x_wconf 86' lang='lat' dir='ltr'><strong>Hae</strong></span> <span class='ocrx_word' id='word_1_155' title='bbox 770 3771 929 3848; x_wconf 87' lang='lat' dir='ltr'><strong>ratione</strong></span> <span class='ocrx_word' id='word_1_156' title='bbox 962 3776 1084 3875; x_wconf 88' lang='lat' dir='ltr'><strong>Spald</strong></span> 
     </span>
     <span class='ocr_line' id='line_1_26' title="bbox 60 3893 1088 3998; baseline -0.005 -21.232"><span class='ocrx_word' id='word_1_157' title='bbox 60 3924 168 3977; x_wconf 87' lang='lat' dir='ltr'><strong>reete</strong></span> <span class='ocrx_word' id='word_1_158' title='bbox 184 3894 420 3998; x_wconf 83' lang='lat' dir='ltr'><strong>analogiam</strong></span> <span class='ocrx_word' id='word_1_159' title='bbox 438 3915 664 3967; x_wconf 82' lang='lat' dir='ltr'><strong>ceterorum</strong></span> <span class='ocrx_word' id='word_1_160' title='bbox 678 3916 839 3969; x_wconf 89' lang='lat' dir='ltr'><strong>secutus</strong></span> <span class='ocrx_word' id='word_1_161' title='bbox 856 3899 891 3986; x_wconf 84' lang='lat'><strong>6,</strong></span> <span class='ocrx_word' id='word_1_162' title='bbox 900 3893 935 3987; x_wconf 78' lang='lat'><strong>5,</strong></span> <span class='ocrx_word' id='word_1_163' title='bbox 947 3894 1006 3990; x_wconf 76' lang='lat'><strong>67.</strong></span> <span class='ocrx_word' id='word_1_164' title='bbox 1022 3901 1088 3995; x_wconf 83' lang='lat' dir='ltr'><strong>f⁰¹</strong></span> 
     </span>
     <span class='ocr_line' id='line_1_27' title="bbox 10 4012 1085 4142; baseline -0.006 -43"><span class='ocrx_word' id='word_1_165' title='bbox 10 4019 22 4142; x_wconf 71' lang='lat' dir='ltr'><strong>,l</strong></span> <span class='ocrx_word' id='word_1_166' title='bbox 61 4024 266 4099; x_wconf 76' lang='lat' dir='ltr'><strong>Fabium</strong></span> <span class='ocrx_word' id='word_1_167' title='bbox 286 4043 339 4092; x_wconf 85' lang='lat' dir='ltr'><strong>ex</strong></span> <span class='ocrx_word' id='word_1_168' title='bbox 359 4012 574 4088; x_wconf 85' lang='lat' dir='ltr'><strong>Codieibus</strong></span> <span class='ocrx_word' id='word_1_169' title='bbox 593 4041 668 4113; x_wconf 91' lang='lat' dir='ltr'><strong>pro</strong></span> <span class='ocrx_word' id='word_1_170' title='bbox 685 4015 886 4115; x_wconf 82' lang='lat' dir='ltr'><strong>scriptura</strong></span> <span class='ocrx_word' id='word_1_171' title='bbox 902 4016 1085 4093; x_wconf 90' lang='lat' dir='ltr'><strong>editionu</strong></span> 
     </span>
     <span class='ocr_line' id='line_1_28' title="bbox 15 4136 1088 4243; baseline -0.006 -25"><span class='ocrx_word' id='word_1_172' title='bbox 15 4136 22 4150; x_wconf 58' lang='lat'>⁸</span> <span class='ocrx_word' id='word_1_173' title='bbox 63 4144 114 4218; x_wconf 80' lang='lat' dir='ltr'><strong>lii</strong></span> <span class='ocrx_word' id='word_1_174' title='bbox 124 4142 284 4243; x_wconf 87' lang='lat' dir='ltr'><strong>recepit</strong></span> <span class='ocrx_word' id='word_1_175' title='bbox 300 4141 372 4235; x_wconf 83' lang='lat' dir='ltr'><em>(cf.</em></span> <span class='ocrx_word' id='word_1_176' title='bbox 389 4138 438 4211; x_wconf 91' lang='lat' dir='ltr'><strong>N.</strong></span> <span class='ocrx_word' id='word_1_177' title='bbox 452 4140 532 4225; x_wconf 76' lang='lat' dir='ltr'><strong>cu).</strong></span> <span class='ocrx_word' id='word_1_178' title='bbox 581 4138 737 4209; x_wconf 87' lang='lat' dir='ltr'><strong>Rarum</strong></span> <span class='ocrx_word' id='word_1_179' title='bbox 760 4136 803 4210; x_wconf 91' lang='lat' dir='ltr'><strong>in</strong></span> <span class='ocrx_word' id='word_1_180' title='bbox 821 4163 945 4238; x_wconf 86' lang='lat' dir='ltr'><strong>prosa</strong></span> <span class='ocrx_word' id='word_1_181' title='bbox 959 4137 1088 4239; x_wconf 87' lang='lat' dir='ltr'><strong>Adjee</strong></span> 
     </span>
     <span class='ocr_line' id='line_1_29' title="bbox 65 4256 1088 4360; baseline -0.002 -23"><span class='ocrx_word' id='word_1_182' title='bbox 65 4268 181 4341; x_wconf 82' lang='lat' dir='ltr'><strong>habes</strong></span> <span class='ocrx_word' id='word_1_183' title='bbox 199 4264 236 4357; x_wconf 83' lang='lat'><strong>5,</strong></span> <span class='ocrx_word' id='word_1_184' title='bbox 258 4286 318 4360; x_wconf 89' lang='lat'><strong>10,</strong></span> <span class='ocrx_word' id='word_1_185' title='bbox 340 4276 422 4347; x_wconf 85' lang='lat'><strong>104.</strong></span> <span class='ocrx_word' id='word_1_186' title='bbox 447 4258 488 4331; x_wconf 78' lang='lat' dir='ltr'><strong>in</strong></span> <span class='ocrx_word' id='word_1_187' title='bbox 504 4258 571 4332; x_wconf 70' lang='lat' dir='ltr'><strong>illo</strong></span> <span class='ocrx_word' id='word_1_188' title='bbox 585 4256 646 4331; x_wconf 80' lang='lat' dir='ltr'><strong>ad</strong></span> <span class='ocrx_word' id='word_1_189' title='bbox 652 4256 704 4331; x_wconf 83' lang='lat' dir='ltr'><strong>ul</strong></span> <span class='ocrx_word' id='word_1_190' title='bbox 709 4270 813 4332; x_wconf 78' lang='lat' dir='ltr'><strong>tero</strong></span> <span class='ocrx_word' id='word_1_191' title='bbox 828 4260 1024 4333; x_wconf 74' lang='lat' dir='ltr'><strong>sacerdote</strong></span> <span class='ocrx_word' id='word_1_192' title='bbox 1029 4286 1048 4349; x_wconf 86' lang='lat'><strong>,·</strong></span> <span class='ocrx_word' id='word_1_193' title='bbox 1075 4285 1088 4335; x_wconf 85' lang='lat'><strong>&lt;</strong></span> 
     </span>
    </p>
   </div>
   <div class='ocr_carea' id='block_1_7' title="bbox 12 4378 1088 4551">
    <p class='ocr_par' dir='ltr' id='par_1_9' title="bbox 12 4378 1088 4551">
     <span class='ocr_line' id='line_1_30' title="bbox 12 4378 1088 4496; baseline -0.009 -34"><span class='ocrx_word' id='word_1_194' title='bbox 12 4433 26 4496; x_wconf 59' lang='grc' dir='ltr'><strong><em>ξ</em></strong></span> <span class='ocrx_word' id='word_1_195' title='bbox 68 4386 168 4463; x_wconf 84' lang='lat' dir='ltr'><strong>aliud</strong></span> <span class='ocrx_word' id='word_1_196' title='bbox 186 4381 452 4486; x_wconf 77' lang='lat' dir='ltr'><strong>Adjectivum</strong></span> <span class='ocrx_word' id='word_1_197' title='bbox 475 4403 669 4453; x_wconf 87' lang='lat' dir='ltr'><strong>connexu</strong></span> <span class='ocrx_word' id='word_1_198' title='bbox 688 4378 913 4455; x_wconf 80' lang='lat' dir='ltr'><strong>sententiae</strong></span> <span class='ocrx_word' id='word_1_199' title='bbox 933 4379 1013 4459; x_wconf 84' lang='lat' dir='ltr'><strong>vim</strong></span> <span class='ocrx_word' id='word_1_200' title='bbox 1027 4380 1088 4457; x_wconf 87' lang='lat' dir='ltr'><strong>Sul</strong></span> 
     </span>
     <span class='ocr_line' id='line_1_31' title="bbox 14 4503 937 4551; baseline -0.009 8"><span class='ocrx_word' id='word_1_201' title='bbox 14 4503 23 4530; x_wconf 67' lang='lat'>²</span> <span class='ocrx_word' id='word_1_202' title='bbox 870 4504 937 4551; x_wconf 68' lang='lat' dir='ltr'><strong>aas</strong></span> 
     </span>
    </p>
   </div>
   <div class='ocr_carea' id='block_1_8' title="bbox 0 0 1302 4866">
    <p class='ocr_par' dir='ltr' id='par_1_10' title="bbox 0 0 1302 4866">
     <span class='ocr_line' id='line_1_32' title="bbox 0 0 1302 4866; baseline 0 0"><span class='ocrx_word' id='word_1_203' title='bbox 0 0 1302 4866; x_wconf 95' lang='lat' dir='ltr'><strong> </strong></span> 
     </span>
    </p>
   </div>
  </div>
 </body>
</html>
