2596 4866
587 290 756 357 Praelatio.
1222 304 1262 358 xi

184 460 334 559 ecipue
347 458 667 537 Ambrosiani
681 466 724 555 I.,
749 459 802 538 de
821 465 936 564 cujus
954 469 1205 566 praestantia
1229 471 1262 545 ir

184 579 365 656 eratione
406 588 462 656 ad
498 583 792 683 Supplementa
824 587 1038 688 Zumptius
1076 614 1262 667 accurate

184 700 315 792 seruit,
340 703 543 777 sexcentis
571 704 741 804 amplius
759 704 873 780 'locis
908 712 1034 783 verba
1065 700 1262 812 scriptoris

184 823 297 917 :ituit3
331 846 417 919 aut,
442 824 513 898 ubi
554 823 686 899 editor
711 825 927 901 Codicibus
960 828 1262 929 destituebatur,

184 944 345 1043 iectura
387 944 639 1045 scripturam·
670 968 906 1046 corruptam
946 948 1118 1047 feliciter
1154 957 1262 1028 haud

184 1106 187 1127 ·
226 1066 480 1142 emendavit.
532 1069 582 1139 In
614 1070 694 1140 hoc
732 1066 855 1167 igitur
885 1070 1156 1145 fundamento
1182 1075 1262 1147 Le-

186 1216 229 1263 n·
250 1186 586 1287 Quintilianeum
618 1193 880 1262 condendum
911 1214 994 1264 esse
1026 1192 1186 1288 censui,
1222 1193 1262 1289 si,

184 1334 301 1385 utum
328 1308 420 1382 fieri
446 1328 599 1408 potest,
643 1307 885 1407 Quintiliani
917 1312 1044 1388 verba
1077 1334 1119 1387 et
1150 1316 1262 1389 locu.

184 1458 224 1505 es
251 1431 436 1533 integras
462 1432 631 1503 deberet
658 1429 888 1525 continere;
919 1453 1111 1525 attamen,
1136 1459 1262 1537 quum

184 1552 241 1627 uli
283 1551 369 1625 loci
407 1548 561 1623 totiens
596 1548 692 1623 mihi
728 1548 968 1652 inspiciendi
997 1575 1039 1627 et
1068 1556 1263 1633 subtiliter

185 1670 363 1749 ninandi
402 1690 556 1763 essent,
598 1697 809 1774 quumque
854 1671 940 1773 ipse
987 1681 1263 1774 exemplorum

184 1794 269 1869 iani
291 1789 491 1867 sermonis
518 1791 691 1892 copiam,
717 1814 916 1895 quantam
939 1822 1059 1870 nemo
1076 1818 1173 1872 ante
1188 1824 1263 1891 me,

186 1914 410 2019 gessissem,
450 1910 537 1984 fieri
576 1940 664 1986 non
705 1914 862 2015 potuit,
901 1916 965 1991 uti
1004 1942 1069 1991 me
1101 1944 1263 2020 prorsus

185 2034 348 2109 trictu'in
402 2052 556 2121 teneret
601 2032 784 2139 Zumptii
837 2036 1078 2132 auotoritas,
1127 2059 1177 2115 -et
1222 2038 1263 2113 in

185 2158 246 2247 ba,
273 2176 318 2228 ut
340 2152 474 2253 ajunt,
500 2154 677 2256 magistri
694 2153 890 2253 jurarem3
916 2156 1064 2258 partim
1086 2158 1194 2232 enim
1211 2164 1263 2232 ad

185 2277 272 2351 lices
297 2274 470 2374 optimos
493 2279 768 2349 recedendum
787 2275 991 2376 judicavi,
1025 2276 1096 2351 ubi
1118 2299 1263 2379 acutus

185 2396 356 2473 domani
371 2395 563 2469 sermonis
578 2395 703 2495 judex
719 2398 770 2471 ab
786 2396 831 2472 iis
847 2397 1092 2495 discesserat,
1116 2398 1263 2501 partim

185 2519 361 2611 jiciendo
390 2542 533 2593 verum
567 2516 763 2621 indagare
797 2518 947 2615 studui,
969 2518 1039 2595 ubi
1065 2521 1263 2597 intactum

187 2671 203 2716 ι
220 2638 448 2739 reliquerat
463 2642 600 2713 locum
616 2661 864 2739 corruptum.
890 2639 946 2715 Hi
962 2639 1127 2741 quidem
1144 2642 1263 2725 etiam

187 2790 212 2841 c
228 2788 320 2837 non
337 2760 462 2861 pauci
478 2780 585 2853 sunt,
612 2759 684 2861 qui
710 2782 783 2834 aut
804 2759 1066 2865 sagacitatem
1085 2762 1263 2838 virorum

185 2911 340 2974 mrum,
368 2902 441 2955 aut
465 2907 581 2955 nova
602 2880 779 2957 subsidia
803 2881 1171 2984 manuscriptorum
1193 2887 1264 2957 de-

185 3029 301 3100 rant,
332 3002 472 3103 qualia
488 3002 874 3106 Bambergensis
902 3004 1071 3077 Codex
1096 3004 1264 3105 promit-

191 3134 321 3205 modo
345 3150 399 3198 ne
421 3123 530 3223 justo
554 3122 745 3225 majorem
764 3150 877 3225 spem
901 3128 953 3197 de
974 3148 1042 3217 eo,
1067 3145 1264 3224 quantam

186 3252 263 3351 pius
289 3244 594 3321 Rostochiensis
630 3248 725 3321 olim
761 3244 1032 3338 excitaverat,
1058 3243 1264 3319 literarum

186 3370 269 3445 liosi
315 3367 493 3469 capiant.
556 3367 738 3473 Contigit
780 3362 890 3441 enim
931 3364 1028 3441 mihi
1065 3364 1264 3441 decimum

186 3522 247 3571 rm
271 3518 368 3566 cum
390 3488 550 3592 vulgari
574 3510 694 3563 textu
717 3508 911 3564 accurate
937 3486 1142 3580 conferre,
1168 3512 1264 3563 nam

186 3644 218 3691 *a
255 3610 437 3687 brevitas
467 3610 658 3711 temporis
684 3610 780 3684 mihi
804 3613 858 3682 ad
882 3614 995 3683 hunc
1018 3606 1141 3681 finem
1165 3632 1264 3683 con·

186 3743 192 3813 i
225 3760 321 3811 non
354 3731 552 3834 permisit;
587 3758 730 3809 verum
761 3730 1047 3806 confirmatum
1079 3728 1173 3803 mihi
1208 3748 1264 3803 est

186 3858 281 3962 sptii
307 3862 359 3928 de
383 3881 432 3929 eo
455 3851 650 3949 judicium
672 3851 840 3927 ultimae
862 3854 1055 3957 plagulae
1079 3848 1264 3923 editionis

196 3977 425 4080 adjectum,
454 3974 612 4049 minime
629 4001 723 4051 eum
740 3972 941 4074 jacturam
957 3966 1214 4047 Ambrosiani
1237 3970 1265 4045 Ι.

185 4100 312 4176 ltimis
330 4099 439 4175 libris
459 4098 632 4198 explere,
660 4104 902 4197 quanquam
925 4120 1012 4169 non
1035 4090 1110 4164 erit
1133 4088 1264 4165 irritus

935 4218 991 4262 ss
1020 4240 1039 4288 9
