2596 4866
67 368 72 393 ι
131 307 304 370 'nxxvnt
621 300 852 390 Prolegomenn
929 352 933 371 ,

155 494 197 555 et
223 466 504 553 collocatione
517 469 734 548 verborum
759 469 961 574 paeoipue
981 467 1143 545 efficere
1165 492 1222 555 stu

136 600 193 691 ,Α
218 596 353 698 priore
379 590 543 693 quidem
563 596 642 666 hoe
667 616 815 694 genere
838 588 929 664 satis
950 588 1108 691 integer
1128 604 1222 691 serat

29 718 32 725 '
65 706 85 795 ¹.
154 740 282 789 sermo
326 707 586 811 Quintiliani,
627 707 702 783 nisi
733 713 845 807 quod
877 707 921 801 3,
947 709 1041 803 8,9
1073 698 1222 809 legitur

157 834 250 908 lello
276 825 585 926 ,Iugurthina
610 840 651 901 et
676 825 937 918 Catilinae,
973 823 1161 898 omnibus
1185 822 1222 895 Gr

112 1002 115 1007 -
156 952 269 1026 cibus
311 944 643 1039 assentientibus,
687 944 759 1017 ubi
799 966 935 1018 tamen
968 940 1222 1045 Spaldingiut

156 1054 419 1157 editionibus,
452 1088 560 1163 quae
583 1061 812 1136 Badianam
836 1082 1000 1135 secutae
1032 1081 1148 1153 sunt,
1183 1062 1222 1133 Gr

156 1181 270 1259 ituria
291 1178 470 1282 recepit.
527 1180 586 1253 At
617 1179 661 1252 in
693 1182 911 1256 verborum
942 1177 1211 1252 collocatione

156 1306 323 1377 modum
340 1302 568 1373 delectatur
580 1302 723 1372 Noster
738 1297 965 1375 variatione
982 1300 1174 1395 quadam,
1191 1320 1222 1394 p:

157 1418 278 1519 cipue
295 1417 518 1517 inparibus
536 1415 838 1515 componendis,
865 1436 912 1487 ut
934 1442 964 1504 1,
986 1442 1017 1507 1,
1038 1441 1053 1489 1
1074 1426 1115 1487 et
1125 1417 1222 1510 fue·

149 1540 200 1633 ,ia
223 1535 570 1631 recogitando,
602 1547 644 1608 et
668 1535 723 1607 ad
753 1533 1031 1607 discendum
1053 1549 1218 1632 pramp

165 1685 198 1748 1,
225 1648 308 1748 5,AE
334 1666 416 1727 stat
437 1655 717 1752 profectus,
753 1651 1022 1725 admiratio
1049 1649 1222 1724 decresci

165 1803 198 1867 1,
223 1774 273 1856 48
291 1750 627 1872 promittendo
653 1782 805 1843 orostrae
823 1768 1089 1868 probationes,
1116 1781 1156 1842 et
1178 1766 1222 1842 ad

160 1917 222 1967 sas
257 1889 504 1963 eludendo.
546 1890 589 1980 8,
616 1887 658 1981 ὅ,
693 1890 734 1961 ι8
768 1890 871 1987 quod
904 1886 1028 1961 dibi
1056 1887 1222 1984 azagm'fit

78 2016 82 2023 ’
162 2007 513 2109 ταωιίἰαωιάἰίὸἰ.
561 2009 604 2088 8,
638 2004 680 2098 5,
712 2028 737 2102 9
769 2008 959 2081 Homerus
991 2020 1158 2105 poeta,
1195 2030 1218 2077 u

40 2148 43 2157 '
162 2132 299 2205 Roma.
330 2156 387 2220 11,
418 2155 449 2219 1,
478 2129 525 2219 76
541 2126 801 2224 paeru'teutrae
827 2126 1076 2223 coufessiu
1103 2138 1143 2200 et
1164 2144 1222 2197 tat

152 2247 325 2348 factio
361 2244 520 2342 culpam·
557 2262 684 2341 atque
717 2269 803 2317 uno
835 2246 1041 2318 vocabulo
1073 2244 1132 2317 bis
1161 2264 1222 2343 pas

163 2367 207 2460 3,
241 2363 285 2455 6,
309 2346 368 2453 ¹aa
383 2372 584 2459 ‘tauquam
617 2361 665 2432 de
686 2363 903 2460 praeterita
933 2374 1122 2436 tautum
1149 2364 1222 2434 ut·

42 2572 47 2583 .
162 2495 261 2555 tum
286 2478 333 2551 de
347 2479 466 2574 sacta
488 2490 724 2576 quereretur.
772 2502 808 2576 9,
833 2499 871 2573 4,
896 2488 945 2564 42
980 2481 1159 2554 cadmia
1177 2470 1222 2550 iit

162 2599 280 2672 liter
314 2607 355 2668 et
384 2596 614 2670 similiter
638 2597 869 2673 desinentia:
890 2601 967 2675 'vel
993 2598 1123 2672 tribus
1150 2588 1222 2698 pari

161 2712 317 2818 positis:
355 2736 412 2807 10,
442 2739 474 2809 1,
497 2736 544 2811 97
576 2718 828 2812 gravitate
859 2716 1153 2809 sententiarum,
1184 2734 1222 2787 ae

161 2861 252 2908 rum
270 2833 502 2933 paudere,
530 2837 835 2911 auctoritate
855 2861 1124 2937 personarum.
1149 2836 1222 2925 alt

161 2952 319 3027 adtrlter
341 2978 525 3044 caecus,
553 2954 703 3027 aleator
718 2982 921 3056 pauper,
941 2954 1171 3053 petulans
1187 2972 1222 3025 te

159 3072 312 3149 Verum
330 3068 450 3145 etiam
467 3069 538 3143 ubi
552 3071 661 3145 trina
682 3074 808 3148 verba
828 3072 1072 3176 junguntur,
1098 3078 1193 3157 uti,
1213 3090 1222 3137 1

161 3189 326 3264 multum
352 3190 440 3288 agit
469 3214 626 3283 rearis,
659 3203 814 3284 aetas,
847 3191 1068 3266 condicio
1097 3190 1141 3261 ‘iu
1164 3190 1218 3286 se

157 3309 250 3400 uis,
279 3308 495 3401 ratribus,
520 3310 752 3409 pupillis,
784 3309 949 3404 liberos,
975 3329 1183 3408 parentes,
1213 3327 1222 3377 t

156 3424 270 3531 juges
298 3426 563 3524 allegautibus.

174 3554 178 3565 '
230 3548 309 3617 Sed
333 3550 413 3620 hoe
438 3549 601 3653 elegans
627 3544 817 3622 videatur
849 3569 927 3618 nec
959 3569 1052 3618 raro
1087 3540 1222 3615 adhibe

77 3722 80 3727 .
155 3688 284 3763 quum
310 3663 489 3737 taedium
513 3663 557 3738 in
583 3670 861 3738 enumerando
889 3685 928 3735 et
951 3659 1168 3762 languidos
1192 3684 1222 3734 st

153 3805 276 3879 saepe
298 3779 443 3875 evitet;
467 3802 509 3855 at
531 3781 575 3855 in
596 3783 786 3860 vitiorum
802 3806 971 3854 numero
988 3777 1125 3879 potius
1141 3780 1222 3851 hab-

153 3901 392 3999 perplexam
423 3898 533 3974 illam
571 3922 611 3975 et
643 3899 870 3975 arcessitam
903 3898 1123 3973 verborum
1150 3896 1222 3971 turl

151 4016 276 4120 magis
300 4042 424 4115 quam
446 4018 641 4112 ordinem,
663 4046 791 4120 quum
816 4019 1068 4091 intellectum
1090 4017 1223 4118 legent

150 4132 365 4234 impediat,
391 4118 480 4211 non
504 4137 698 4241 adjuvet,
724 4137 766 4212 id
789 4141 904 4239 quod
927 4134 1103 4208 debebat
1127 4135 1222 4210 coll<
